@INPROCEEDINGS{ah09aProceedings,		  
author        = {A.~Heikkinen, A.~Boudard, G.~Folger, and P.~Kaitaniemi},
title         = {A {Geant4} physics list for nuclear physics applications based on {INCL} and {ABLA} models},
booktitle     = {},
series        = {{\em Paper in preparation for CHEP 2009, 
                 21 - 27 March 2009 Prague, Czech Republic}},
}

@INPROCEEDINGS{heikkinen07mProceedings,		  
author        = {A.~Heikkinen, P.~Kaitaniemi, and A.~Boudard},
title         = {Implementation of {INCL4} cascade and {ABLA} evaporation codes in {Geant4}},
note          = {International Conference on Computing in High Energy and Nuclear Physics (CHEPâ€™07), 
                 Journal of Physics: Conference Series 119 (2008) 032024, 
                 {\sf [doi:10.1088/1742-6596/119/3/032024]}}
}

@ARTICLE{heikkinen03aPaper,		  
author        = {A.~Heikkinen with Geant4 collaboration},
title         = {Geant4 - a simulation toolkit},
journal       = {Nucl. Instr. and Meth.},
volume        = {A},
number        = {506},
year          = {2003},
pages         = {250--303},
} 