IEEE style:  'and others' -> et al.
               month = dec -> December
\newcommand{\urltilde}[1]{\texttt{#1}}} 

@string{PRC ={Phys. Rev. C}}
@string{PRA ={Phys. Rev. A}}
@string{TBP ={To be published.}}
@string{AH ={A. Heikkinen}}
@string{REL ={\url{http://www.helsinki.fi/~miheikki/system/refs/heikkinen/}}}

Presented at the HIP HEP seminar, University of Helsinki, August 12th, 2007
in this Paper :::
we use the definition form Ref. [] 
Types of publications: manuscript, comment, review, critic (arvostelu), 
esitelma, newsarticle (newsclip), draft, research material, notes, 
index, notebook, writings, personal data, (shool)essee, diary, 
memoar, various notes, plans, indexed of literary works and movies seen 
and books read, citate, lecture notesm archieve, travel related material, 
consept, tranlation,  trip, visit, private communication, consulting, 
article, code

1010101010101010101010101010101010101010101010101010101010101010101010101010
 Papers         101010101010101010101010101010101010101010101010101010101010
 Notes          101010101010101010101010101010101010101010101010101010101010
 Proceedings    101010101010101010101010101010101010101010101010101010101010
 Talks          101010101010101010101010101010101010101010101010101010101010
 Posters        101010101010101010101010101010101010101010101010101010101010
 Lectures       101010101010101010101010101010101010101010101010101010101010
 Committees     101010101010101010101010101010101010101010101010101010101010
 Reports        101010101010101010101010101010101010101010101010101010101010
 Code releases  101010101010101010101010101010101010101010101010101010101010
 Web sites      101010101010101010101010101010101010101010101010101010101010
 Misc           101010101010101010101010101010101010101010101010101010101010


0909090909090909090909090909090909090909090909090909090909090909090909090909
 Papers        0909090909090909090909090909090909090909090909090909090909090
 Notes         0909090909090909090909090909090909090909090909090909090909090
 Proceedings   0909090909090909090909090909090909090909090909090909090909090


@INPROCEEDINGS{ah09bProceedings,		  
author        = {A.~Heikkinen et al.},
title         = {Ideal $\tau$-tagging with {TMVA} multivariate data-analysis toolkit},
series        = {{\em Paper in preparation for the 
                    International Conference on Computing in High Energy and Nuclear Physics (CHEPâ€™09), 
                 21 - 27 March 2009 Prague, Czech Republic}},
note          = {\url{http://www.helsinki.fi/~miheikki/system/refs/heikkinen/},
                 {\tt ah09bProceedings.pdf, ah09bProceedings.tar.gz}},   
}

@INPROCEEDINGS{ah09aProceedings,		  
author        = {A.~Heikkinen, A.~Boudard, G.~Folger, and P.~Kaitaniemi},
title         = {A {Geant4} physics list for nuclear physics applications based on {INCL} and {ABLA} models},
booktitle     = {},
series        = {{\em Paper in preparation for CHEP 2009, 
                 21 - 27 March 2009 Prague, Czech Republic}},
}
note          = {\url{http://www.helsinki.fi/~miheikki/system/refs/heikkinen/ah09aProceedings.tar.gz}},   

Talks         0909090909090909090909090909090909090909090909090909090909090
Posters       0909090909090909090909090909090909090909090909090909090909090
Lectures      0909090909090909090909090909090909090909090909090909090909090
Committees    0909090909090909090909090909090909090909090909090909090909090
Reports       0909090909090909090909090909090909090909090909090909090909090

@MISC{ah09aReport, 
author        = {A.~Heikkinen},
title         = {Curriculum {V}itae 2009},
howpublished  = {(To be done)},
month         = {},  
year          = {2009},
note= {\url{(http://cmsdoc.cern.ch/~miheikki/refs/09aReport.pdf)}}
}
Code releases 0909090909090909090909090909090909090909090909090909090909090

@MISC{ah09aCode,		  
author        = {A.~Heikkinen},
title         = {Modelling Nuclear Fission with the Geant4 ABLA code},
howpublished  = {(Unblished)},
month         = {November 5},
year          = {2008},
note          = REL # { ({\tt ah09aCode.pdf}, \url{ah09aCode/}, and \url{ah09aCode.tar.gz})}
}

Web sites     0909090909090909090909090909090909090909090909090909090909090
Misc          0909090909090909090909090909090909090909090909090909090909090

Adopting naming convention ah08:::
0808080808080808080808080808080808080808080808080808080808080808080808080808
Books         0808080080808080808080808080808080808080808080808080808080808
@BOOK{ah08aBook,
author        = {A.~Heikkinen},
title         = {{\em [Book title]}},
howpublished  = {(Selfpublished)},
year          = {2008},
}

Papers        0808080080808080808080808080808080808080808080808080808080808
@ARTICLE{ah08cPaper,
author        = {A.~Heikkinen with G.~Folger et al.},
title         = {Progress in hadronic physics modeling in {Geant4}},
journal       = {Submitted to Journal of Physics},
year          = {2008},
}
note   = {{\em (Proceedings13th International Conference on 
                 Calorimetry in High Energy Physics, CALOR'08)}}

@ARTICLE{ah08bPaper,		  
author        = {A.~Heikkinen with CMS collaboration},
title         = {The {CMS} experiment at the {CERN} {LHC}},
journal       = {({\it To be published in  the Journal of Instrumentation})},
volume        = {},
number        = {},
year          = {},
pages         = {}
}
note          = {ah08bPaper.pdf}

AH::: BE CAREFULL ah08bPaper does not work if ah08bpaper -typo exist in tex-file
crossref = {ah08bPaper},
Standard comment
file-url          = "ah.jpg" ,

@article{refTemplate1,
author        = AH # " with Geant4 collaboration", 
title         = "Implementation of {INCL4} cascade and {ABLA} evaporation codes in {Geant4}",
journal       = "Journal of Physics",
volume        = {},
number        = {},
year          = {2008},
pages         = {}
}
note          = REL \url{file.pdf} (originally poster Ref.~\cite{ah08aPaper}),
note          = REL # "\url{file.pdf} (riginally poster Ref.~\cite{ah08aPaper})",
url           = {http://www.helsinki.fi/~miheikki/sys/refs/heikkinen/ah09aPaper.tar.gz}, 
note          = TBP # " ({\em Based on old BibTeX Ref.~\cite{ah08aPaper}. 
                 Available at \url{http://www.helsinki.fi/~miheikki/sys/refs/heikkinen/ah09aPaper.tar.gz}})"

@ARTICLE{ah08aPaper,
author        = {A.~Heikkinen, P.~Kaitaniemi, and A.~Boudard},
title         = {Implementation of {INCL4} cascade and {ABLA} evaporation codes in {G}eant4},
journal       = {Journal of Physics},
volume        = {{\em (To be published)}},
number        = {},
year          = {2008},
pages         = {}
}

Notes         0808080808080808080808080808080808080808080808080808080808080
@MISC{ah08aNote,
author        = {A.~Heikkinen},
title         = {{MAXIMA} {N}otes},
howpublished  = {Unpublished},
year          = {June 12th, 2008}
}

Proceedings   0808080808080808080808080808080808080808080808080808080808080
@INPROCEEDINGS{ah08aProceedings,		
author        = {P.~Kaitaniemi and A.~Heikkinen},  
title         = {{INCL4} cascade and {ABLA} evaporation codes in {Geant4}},
booktitle     = {Proceedings of the XLII annual conference of the Finnish Physical Society, 
                 March 27-29 2008, Turku, Finland. Report Series in Physics L 31, University of Turku p.222},
year          = {2008}
}
note= {ah08aProceedings.pdf}

Talks         0808080808080808080808080808080808080808080808080808080808080

@MISC{ah08cTalk,		  
author        = {A.~Heikkinen with G.Folger et al.},
title         = {Progress in {H}adronic {P}hysics {M}odeling in {G}eant4},
howpublished  = {Talk given by G. Folger for the Geant4 Hadronic Working Group
at Calor 2008, Pavia, May 29th, 2008},
}
note= {ah08cTalk.pdf}

@MISC{ah08bTalk,		  
author        = {A.~Heikkinen},
title         = {ROOT Multivariate Analysis Toolkit (TMVA) for b-tagging at CMS experiment},
howpublished  = {Talk given at HIP CMS meeting, Helsinki Institute of Physics, Helsinki, Finland, 
                 May 26th, 2008.},
}
note= {ah08aTalk.pdf}

@MISC{ah08aTalk,		  
author        = {P.~Kaitaniemi and A.~Heikkinen},
title         = {Status of {INCL}/{ABLA} codes in {Geant4} ({Apr}'08)},
howpublished  = {Talk given at Geant4 Hadronic Physics Working Group, April 24th, 2008.},
}
note= {ah08aTalk.pdf}

Posters       0808080808080808080808080808080808080808080808080808080808080
@MISC{ah08aPoster,		
author        = {A.~Heikkinen and P.~Kaitaniemi},  
title         = {{INCL4} cascade and {ABLA} evaporation codes in {Geant4}},
howpublished  = {Poster presented at the 42nd annual conference of the Finnish Physical Society, March 27-29 2008, Turku, Finland},
month         = {March},
year          = {2008}
}
note= {ah08aPoster.pdf}

Lectures      0808080808080808080808080808080808080808080808080808080808080
@MISC{ah08bLecture,		  
author        = {M. Liendl and A. Heikkinen},
title         = {Experiment Simulation},
howpublished  = {Lectures and related exercises as documented in 
                 Booklet of CERN School of Computing 25 August--5 September 2008, Gjovik, Norway}
}
note          = {ah08bLecture.pdf}

@MISC{ah08aLecture,		  
author        = {A.~Heikkinen},
title         = {Introduction to {G}eant4 and {ROOT} toolkits},
howpublished  = {Lecture given at Statistical Physics I course, 
                 Department of Physics, University of Helsinki},
month         = {April 1st},
year          = {2008},
}
note          = {(\url{heikkinen08aLecture.pdf})},

Committees    0808080808080808080808080808080808080808080808080808080808080
@MISC{ah08cCommittee,		  
author        = {A.~Heikkinen},
title         = {Conference hospitality and social programs},
howpublished  = {Notes on arranging social events and activities for guests, August 6th (Unpublished)}
}

@MISC{ah08bCommittee,		  
author        = {A.~Heikkinen et al.},
title         = {},
howpublished  = {Exersices of Geant4 Simulation at CERN School of Computing, CSC'08, 
                 Norway, August 25 - September 5, 2008 (Unpublished)},
note= {\url{ah08bCommittee.pdf}}
}


@MISC{ah08aCommittee,		  
author        = {A.~Heikkinen},
title         = {Activities in {iWoRiD}'08},
howpublished  = {Notes of Local Organizing Committee activity of l

                 10th International Workshop on Radiation Imaging Detectors, iWoRiD'08, 
                 June 29th-July 3rd, Helsinki, Finland, 2008, (Unpublished). 
                 See iWoRiD'08 abstract book \cite{nenonen08a}}
}

Reports       0808080808080808080808080808080808080808080808080808080808080


%Report from Geant4 meeting in Kobe		  
@MISC{ah08dReport, 
author        = {A.~Heikkinen},
title         = {Report from 13th Geant4 Collaboration Workshop},
month         = {October 3rd},
year          = {2008 (Unpublished)},
}

@MISC{ah08cReport,	
author        = {A. Heikkinen},
title         = {Geant4 {M}aterial for {HIP} {SAB} report 2008},
month         = {August},
year          = {2008 (Unpublished)},
}
note          = {ah08cReport.pdf}

@MISC{ah08bReport,
author        = {A.~Heikkinen},
title         = {Geant4 {H}adronic {C}ascade {M}odels and {CMS} {D}ata {A}nalysis 
                 -- {C}omputational {C}hallenges in the {LHC} era},
howpublished = {{\em (To be published)} Doctors thesis, University of Helsinki},
year          = {HIP-2008-:::},
note          =	{\url{http://www.helsinki.fi/~miheikki/system/refs/heikkinen/ah09bReport.pdf} and 
                {\tt ah09bReport/}}
}

@MISC{ah08aReport, 
author        = {A.~Heikkinen},
title         = {An Index to the Collected Works},
howpublished  = {Unpublished, November 5th},
year          = {2008},
note= {\url{(http://cmsdoc.cern.ch/~miheikki/refs/08aReport.pdf)}}
}

note= {\url{(http://cmsdoc.cern.ch/~miheikki/thesis/)}}

Code releases 0808080808080808080808080808080808080808080808080808080808080
@MISC{ah08jCode,		  
author        = {A.~Heikkinen},
title         = {Unit tests for the {B}ertini cascade},
howpublished  = {Talk in preparation for Geant4 Hadronic Working Group meeting},
month         = {September 30th},
year          = {2008},
note          = REL # { ({\tt ah08jCode.pdf}, \url{ah08jCode/}, and \url{ah08jCode.tar.gz})},
}

@MISC{ah08iCode,		  
author        = {A.~Heikkinen},
title         = {{IAEA} {B}enchmark of {S}pallation {M}odels},
howpublished  = {Talk in preparation for Geant4 Hadronic Working Group meeting},
month         = {September 30th},
year          = {2008},
note          = REL # { ({\tt ah08iCode.pdf}, \url{ah08iCode/}, and \url{ah08iCode.tar.gz})},
}

@MISC{ah08hCode,		  
author        = {A.~Heikkinen},
title         = {Pion-nucleon scattering below 400 {MeV} in {B}ertini cascade},
howpublished  = {Talk given at 13th Geant4 Collaboration Workshop with related source code},
month         = {October 23th},
year          = {2008},
note          = REL # { ({\tt ah08hCode.pdf}, \url{ah08hCode/}, and \url{ah08hCode.tar.gz})}
}

@MISC{ah08gCode,		  
author        = {A.~Heikkinen and M.~Liendl},
title         = {Geant4 exercises at {CERN} {S}chool of {C}omputing},
howpublished  = {Talk given at 13th Geant4 Collaboration Workshop with related exercises},
month         = {October 6th},
year          = {2008},
note          = REL # { ({\tt ah08gCode.pdf} and {\tt ah08gCode.tar.gz}, 65~MB)}
#note          = REL # { ({\tt ah08gCode.pdf}, \url{ah08gCode/}, and \url{ah08gCode.tar.gz})},
}

@MISC{ah08fCode,		  
author        = {A.~Heikkinen},
title         = {{Geant4} simulation for muon scattering in {Si}-tracker},
howpublished  = {An open source code, 
                 Helsinki Institute of Physics},
month         = {May  22nd},
year          = {2008},
note          = REL # { ({\tt ah08fCode.pdf}, \url{ah08fCode/}, and \url{ah08fCode.tar.gz})},
}

@MISC{ah08eCode,		  
author        = {A.~Heikkinen},
title         = {{TINYSOM} -- a tiny implementation of self organizing maps},
howpublished  = {{\em (March 15$^{th}$)}},
month         = {},
year          = {2008},
note           = {\url{http://www.helsinki.fi/~miheikki/system/refs/heikkinen/ah08eCode.pdf}, 
                  \url{ah08eCode/}, and \url{ah08eCode.tar.gz}}
}

@MISC{ah08dCode,		  
author        = {A.~Heikkinen},
title         = {{INCL} 4.2 / {ABLA V3} {R}eference {M}anual},
howpublished  = {({\em Unpublished})},
month         = {April 27th},
year          = {2008},
note           = {\url{http://www.helsinki.fi/~miheikki/system/refs/heikkinen/ah08dCode.pdf}, 
                        \url{ah08dCode/}, and \url{ah08dCode.tar.gz}}
}

@MISC{ah08cCode,		  
author        = {A.~Heikkinen},
title         = {{HETC98} Reference Manual},
howpublished  = {({\em Unpublished})},
month         = {April 27th},
year          = {2008},
note           = {\url{http://www.helsinki.fi/~miheikki/system/refs/heikkinen/ah08cCode.pdf}, 
                  \url{ah08cCode/}, and \url{ah08cCode.tar.gz}}
}

@MISC{ah08bCode,		  
author        = {A.~Heikkinen},
title         = {{INCUL} Reference Manual},
howpublished  = {({\em Unpublished})},
month         = {April 27th},
year          = {2008},
note           = {\url{http://www.helsinki.fi/~miheikki/system/refs/heikkinen/ah08bCode.pdf}, 
                       \url{ah08bCode/}, and \url{ah08bCode.tar.gz}}
}

@MISC{ah08aCode,		  
author        = {A.~Heikkinen},
title         = {Sharing ideas on useful software tools in HIP CMS Physics Analysis Working Group},
year          = {August 20th, 2008},
note          = {\url{http://www.helsinki.fi/~miheikki/system/refs/heikkinen/ah08aCode.pdf}, 
\url{ah08aCode.pdf} and \url{ah08aCode.tar.gz}}
}
howpublished  = {Work represented at HIP CMS Physics Analysis Working Group, 
                 University of Helsinki. {\em (June 10$^{th}$, 2008)}},

@MISC{ah08aLectureCode,		  
author        = {A.~Heikkinen},
title         = {Introduction to {G}eant4 and {ROOT} toolkits -- {D}emos},
howpublished  = {Code for demos given at Statistical Physics I course, 
                 Department of Physics, University of Helsinki},
month         = {April 1st},
year          = {2008},
note          = {\url{heikkinen08aLectureCode.tar.gz}}
}

Web sites     0808080808080808080808080808080808080808080808080808080808080
@MISC{ah08bWeb,		  
author        = {A.~Heikkinen},
title         = {HIP Geant4 Wikipage},
howpublished  = {Published at \url{https://twiki.cern.ch/twiki/bin/view/Main/CmsGeant4Cascade} 
                 utilizing CERN TWiki-technology},
year          = {June 17th, 2008},
}
note          = {ah08bWeb.tar.gz}

@MISC{ah08aWeb,		  
author        = {A.~Heikkinen},
title         = {Personal Homepage},
howpublished  = {Published at \url{https://twiki.cern.ch/twiki/bin/view/Main/AatosHeikkinen} 
                 utilizing CERN TWiki-technology},
year          = {June 17th, 2008},
}
note          = {ah08aWeb.tar.gz}

Misc          0808080808080808080808080808080808080808080808080808080808080
title         = {},
howpublished  = {Lecture given at Statistical Physics I course, 
                 Department of Physics, University of Helsinki},
month         = {April 1st},
year          = {2008},


0707070707070707070707070707070707070707070707070707070707070707070707070707

Peer reviewed papers 070707070707070707070707070707070707070707070707070707
@MISC{heikkinen07bPaper,		  
author        = {A.~Heikkinen},
title         = {{LHC}-era {O}bject {O}riented {S}oftware {D}evelopment for 
                 {G}eant4 {H}adronic {C}ascade {M}odels and {CMS} {D}ata {A}nalysis}},
howpublished  = {Academic Dissertation},
}
note= {\url{(http://www.hip.fi/geant4/refsHeikkinen/heikkinen07bPaper.pdf)}}

B. K\o{a}gstr\"{o}m et al. (Eds.): PARA 2006, LNCS 4699, pp. 1065-1073, 2007. (at the bottom pf page)
@ARTICLE{heikkinen07aPaper,		  
author        = {T.~Linden, F.~Garc\'ia, A.~Heikkinen, S.~Lehti},
title         = {{O}ptimizing {N}eural {N}etwork {C}lassifiers with {ROOT} 
                  on a {R}ocks {L}inux {C}luster},
journal       = {Lecture Notes in Computer Science, LNCS 4699},
volume        = {Applied Parallel Computing, 
                 Revised Selected Papers of 8th International Workshop, PARA 2006},
year          = {2007},
pages         = {1065--1073},
} 
VIII.pdf
note= {\url{(http://www.springerlink.com/content/b1v1k4615h1471l4/?p=856f126cb1c64ab29bc0ccf019094703&pi=2)}

Notes 070707070707070707070707070707070707070707070707070707070707070707070
Proceedings 070707070707070707070707070707070707070707070707070707070707070
@INPROCEEDINGS{heikkinen07nProceedings,		  
author        = {A.~Heikkinen with G.~A.~P.~Cirrone et al.},
title         = {The {G}eant4 {E}uropean {M}edical {U}ser {O}rganization: {G4EMU}},
note          = {Xth EFOMP Congress -- Pisa, 2007},
}
url           = {http://g4emu.wikispaces.com},
note          = {Xth EFOMP Congress -- Pisa 2007. (G4EMU page \url{http://g4emu.wikispaces.com})},

@INPROCEEDINGS{heikkinen07mProceedings,		  
author        = {A.~Heikkinen, P.~Kaitaniemi, and A.~Boudard},
title         = {Implementation of {INCL4} cascade and {ABLA} evaporation codes in {Geant4}},
note          = {International Conference on Computing in High Energy and Nuclear Physics (CHEPâ€™07), 
                 Journal of Physics: Conference Series 119 (2008) 032024, 
                 {\sf [doi:10.1088/1742-6596/119/3/032024]}
}


Proceedings of CHEP 2007, September 2-6, Victoria, BC, Canada. IOP Publishing
Randall Sobie et al 2007 J. Phys.: Conf. Ser. 119


@INPROCEEDINGS{heikkinen07lProceedings,		  
author        = {A.~Heikkinen with T.~Lampen et al.},
title         = {Testing {TMVA} software in b-tagging 
                  for the search of {MSSM} {H}iggs bosons at the {LHC}},
series         = {International Conference on Computing in High Energy and Nuclear Physics (CHEPâ€™07), 
                 Journal of Physics: Conference Series 119 (2008) 032028, 
                 {\sf [doi:10.1088/1742-6596/119/3/032028]}
 }
}


@INPROCEEDINGS{heikkinen07kProceedings,		  
author        = {A.~Heikkinen},
title         = {Separation of {H}iggs boson signal from {D}rell-{Y}an background with self-organizing maps},
note          = {Published in the proceedings of the {ACAT}'07,  
                 {NIKHEF}, {A}msterdam, {A}pril 23--27, 2007.}
}
note          = {To be published in the proceedings of the {ACAT}'07,  
                 {NIKHEF}, {A}msterdam, {A}pril 23--27, 2007. 
                 \url{(http://www.hip.fi/geant4/refsHeikkinen/heikkinen07kProceedings.pdf)}},

@INPROCEEDINGS{heikkinen07jProceedings,		  
author        = {A.~Heikkinen with G.~A.~P.~Cirrone et al.},
title         = {Systematic validation of {G}eant4 electromagnetic and 
                 hadronic models against proton data},
note          = {Published in the proceedings of the CHEP'06, 
                 Mumbai, India, February 13-17, 2006},
note          = {Presented by :::}
}
note          = {\url{(http://www.hip.fi/geant4/refsHeikkinen/heikkinen06eTalk.pdf)}},

First time using DOI: 10.1063/1.2720453
Validation of Hadronic Models in Geant4
AIP Conf. Proc. -- March 19, 2007 -- Volume 896, pp. 21-30
HADRONIC SHOWER SIMULATION WORKSHOP; DOI:10.1063/1.2720454
Issue Date: March 19, 2007
@INPROCEEDINGS{heikkinen07iProceedings,
author        = {A.~Heikkinen with T.~Koi et al.},  
title         = {Validation of {H}adronic {M}odels in {G}eant4},
booktitle     = {AIP Conf. Proc., Hadronic Shower Simulation Workshop, March 19, 2007},
volume        = {897},
year          = {2007},
pages         = {31--40},
} 
G.pdf in thesis
note          = {\url{(http://www.hip.fi/geant4/refsHeikkinen/heikkinen07iProceedings.pdf)}},

@INPROCEEDINGS{heikkinen07hProceedings,
author        = {A.~Heikkinen with D.~H.~Wright et al.},  
title         = {Low and {H}igh {E}nergy {M}odeling in {G}eant4},
booktitle     = {AIP Conference Proceedings, Hadronic Shower Simulation Workshop, 
                 March 19, 2007, Volume 896, pp. 11--20},
year          = {2007}
} 
F.pdf
note          = {\url{http://link.aip.org/link/?APCPCS/896/11/1}},
note          = {\url{http://dx.doi.org/10.1063/1.2720453}, \url{(http://www.hip.fi/geant4/refsHeikkinen/heikkinen07hProceedings.pdf)}},


@INPROCEEDINGS{heikkinen07gProceedings,
author        = {A.~Heikkinen with T.~Lamp\'{e}n et al.},  
title         = {{TMVA} :::},
booktitle     = {To be published Proceedings of the CHEP'07, 
                 September ::: Victoria, Canada, :::, 2007},
year          = {2007},
}
note          = {\url{(http://www.hip.fi/geant4/refsHeikkinen/heikkinen07gProceedings.pdf)}},

Note different title but same proceeding as in heikkinen07dProceedings.
@INPROCEEDINGS{heikkinen07fProceedings,
author        = {A.~Heikkinen},  
title         = {Separation of {H}iggs boson signal from {D}rell-{Y}an background with 
                 self-organizing maps},
booktitle     = {XI International Workshop on Advanced Computing and Analysis Techniques in 
                 Physics Research, ACAT, NIKHEF, Amsterdam, April 23-27, 2007},
}
note          = {\url{(http://www.hip.fi/geant4/refsHeikkinen/heikkinen07fProceedings.pdf)}},  

@INPROCEEDINGS{heikkinen07eProceedings,
author        = {E.~Anttila, C.~Czellar, A.~Heikkinen, et al.},  
title         = {Status of the {CMS} {E}xperiment at the {CERN} {LHC}},
booktitle     = {Proceedings of the 41th annual conference of the Finnish Physical Society, 
                 March 15-17 2007, Tallinn, Estonia},
}
note          = {\url{(http://www.hip.fi/geant4/refsHeikkinen/heikkinen07eProceedings.pdf)}},  

@INPROCEEDINGS{heikkinen07dProceedings,
author        = {P.~Kaitaniemi and A.~Heikkinen},  
title         = {Implementing {INCL4} {H}adronic {C}ascade and {ABLA} 
                 De-excitation codes in {G}eant4},
booktitle     = {Proceedings of the 41th annual conference of the Finnish Physical Society, 
                 March 15-17 2007, Tallinn, Estonia},
}
note          = {\url{(http://www.hip.fi/geant4/refsHeikkinen/heikkinen07dProceedings.pdf)}},

Was heikkinen06aProceedings,
@INPROCEEDINGS{heikkinen07cProceedings,
author        = {A.~Heikkinen},
title         = {{G}eant4 {P}hyscs {C}apabilities for {M}ultidiciplinary {A}pplications - a {R}eview},
}
note          = {\url{(http://www.hip.fi/geant4/refsHeikkinen/heikkinen07cProceedings.pdf)}},
booktitle     = {To be published in Proceedings of the IEEE NSS 2006, San Diego 29.10. - 4.11., 2006},

Proceedings 070707070707070707070707070707070707070707070707070707070707070


Was heikkinen06bProceedings,
@INPROCEEDINGS{heikkinen07bProceedings,
author        = {A.~Heikkinen with J.~Allison et al.},
title         = {{G}eant4 toolkit - {S}tatus and {D}evelopments},
booktitle     = {To be published in Proceedings of the IEEE NSS 2006, San Diego 29.10. - 4.11., 2006},
}
note          = {\url{(http://www.hip.fi/geant4/refsHeikkinen/heikkinen07bProceedings.pdf)}},

booktitle     = {proceedings of the CHEP 2006, Mumbai, India, February 13-17, 2006},
renamed as heikkinen06aProceedings

@INPROCEEDINGS{heikkinen07aProceedings, 
author        = {A.~Heikkinen and S.~Lehti},  
title         = {Self-organized maps for tagging b jets associated with heavy neutral {MSSM} {H}iggs bosons},
booktitle     = {XVth  {I}nternational {C}onference on {C}omputing in {H}igh {E}nergy 
                 {P}hysics and {N}uclear {P}hysics, {CHEP}'06, {V}olume {I}},
year          = {2006},
note          = {Proceedings of the CHEP 2006, Mumbai, India, February 13-17, 2006},
}
note          = {Proceedings of the CHEP 2006, Mumbai, India, February 13-17, 2006, 
                 \url{(http://www.hip.fi/geant4/refsHeikkinen/heikkinen07aProceedings.pdf)}},

Talks 070707070707070707070707070707070707070707070707070707070707070707070
@MISC{heikkinen07iTalk,		  
author        = {A.~Heikkinen},
title         = {Improving the {HCAL} {G}eant4 shower shape simulation},
howpublished  = {Finnish CMS Meeting, October 3rd, 2005, Helsinki, Finland},
}
note= {07iTalk.pdf}

@MISC{heikkinen07hTalk,		  
author        = {A.~Heikkinen},
title         = {Summary of Hadronic 1},
howpublished  = {Talk given at 12th Geant4 Workshop, September 13-19, Hebden Bridge, UK},
}
note= {\url{(http://www.hip.fi/geant4/refsHeikkinen/heikkinen07hTalk.pdf)}}

@MISC{heikkinen07gTalk,		  
author        = {A.~Heikkinen},
title         = {Status of INCL cascade and ABLA evaporation models in Geant4},
howpublished  = {Talk given at 12th Geant4 Workshop, September 13-19, Hebden Bridge, UK},
}
note= {\url{(http://www.hip.fi/geant4/refsHeikkinen/heikkinen07gTalk.pdf)}}


@MISC{heikkinen07fTalk,		  
author        = {A.~Heikkinen},
title         = {Geant4 precompound and evaporation models},
howpublished  = {Mini-workshop on Geant4 precompound and evaporation models, CERN, July 16--20, 2007},
}
note= {\url{(http://www.hip.fi/geant4/refsHeikkinen/heikkinen07fTalk.pdf)}}

@MISC{heikkinen07eTalk,		  
author        = {A.~Heikkinen},
title         = {Separation of {H}iggs boson signal from {D}rell-{Y}an background with self-organizing maps},
howpublished  = {Talk given at {ACAT}'07, {NIKHEF}, {A}msterdam, {A}pril 23--27, 2007},
}
note= {\url{(http://www.hip.fi/geant4/refsHeikkinen/heikkinen07eTalk.pdf)}}

@MISC{heikkinen07dTalk,		  
author        = {A.~Heikkinen},
title         = {Geant4 {H}adronics {O}verview},
howpublished  = {Talk given at Geant4 Review, CERN, April 18th, 2007.},
}
note= {\url{(http://www.hip.fi/geant4/refsHeikkinen/heikkinen07dTalk.pdf)}}

@MISC{heikkinen07cTalk,		  
author        = {A.~Heikkinen},
title         = {Introducing {T}oolkit for {M}ultivariate {D}ata {A}nalysis (TMVA)},
howpublished  = {Talk given at HIP CMS Physics Analysis Group meeting, March 27th, Helsinki, Finland, 2007.},
}
note= {\url{(http://www.hip.fi/geant4/refsHeikkinen/heikkinen07cTalk.pdf)}}

@MISC{heikkinen07bTalk,		  
author        = {A. Heikkinen},
title         = {Hiukkasten ja materian v\"alisen vuorovaikutuksen simulointia {G}eant4 -ohjelmistolla},
howpublished  = {Puhe MAOL ry:n Kev\"atp\"aiv\"aivill\"a Kouvolassa 23--24.3. 2007. 
                 (Talk in finnish given at Finnish Science Teachers Assosiation spring gathering, 
                 23--24.3. 2007, Kouvola, Finland.)},
}
note= {\url{(http://www.hip.fi/geant4/refsHeikkinen/heikkinen07bTalk.pdf)}}

@MISC{heikkinen07aTalk,		  
author        = {A.~Heikkinen},
title         = {Tools for {LHC} era computing: Geant4 hadronic cascades and 
                 data-analysis using neural networks and boosting},
howpublished  = {Talk given HIP Particle Physics Seminar, Helsinki},
month         = {March},
year          = {2007},
}
note= {\url{(http://www.hip.fi/geant4/refsHeikkinen/heikkinen07aTalk.pdf)}}

Posters 0707070707070707070707070707070707070707070707070707070707070707070
@MISC{heikkinen07bPoster,		
author        = {A.~Heikkinen, P.~Kaitaniemi and A.~Boudard},  
title         = {Implementation of {INCL4} cascade with {ABLA} evaporation in {G}eant4},
month         = {September},
year          = {2007},
}
note= {\url{(http://www.hip.fi/geant4/refsHeikkinen/heikkinen07bPoster.pdf)} and \url{(http://www.hip.fi/geant4/refsHeikkinen/heikkinen07bPoster.ps)}}

@MISC{heikkinen07aPoster,		
author        = {P.~Kaitaniemi and A.~Heikkinen},  
title         = {Implementing {INCL4} {H}adronic {C}ascade and {ABLA} De-excitation codes in {G}eant4},
howpublished  = {Poster presented at the 41th annual conference of the Finnish Physical Society, March 15-17 2007, Tallinn, Estonia},
month         = {March},
year          = {2007},
}
note= {\url{(http://www.hip.fi/geant4/refsHeikkinen/heikkinen07aPoster.pdf)} and \url{(http://www.hip.fi/geant4/refsHeikkinen/heikkinen07aPosterA4.pdf)}}

Lectures 070707070707070707070707070707070707070707070707070707070707070707
@MISC{heikkinen07eLecture,		  
author        = {A.~Heikkinen},
title         = {Geant4 {H}adronic {P}hysics {I}},
howpublished  = {Cours Geant4, du 4 au 8 juin 2007, Minist\'{e}re de la Recherche, Paris, France},
}
note          = {(\url{http://www.hip.fi/geant4/refsHeikkinen/heikkinen07eLecture.pdf})},

@MISC{heikkinen07dLecture,		  
author        = {A.~Heikkinen},
title         = {Geant4 {H}adronic {P}hysics},
howpublished  = {Lecture at Geant4 tutorial, Geant4 logiciel de simulation physique, 
                 du 28 au 30 mars 2007 \`a Strasbourg-Cronenbourg},
}
note          = {(\url{http://www.hip.fi/geant4/refsHeikkinen/heikkinen07dLecture.pdf})},

@MISC{heikkinen07cLecture,		  
author        = {A.~Heikkinen},
title         = {Particles and processes},
howpublished  = {Lecture at Geant4 tutorial, Geant4 logiciel de simulation physique, 
                 du 28 au 30 mars 2007 \`a Strasbourg-Cronenbourg},
}
note          = {\url{(http://www.hip.fi/geant4/refsHeikkinen/heikkinen07cLecture.pdf)} and 
                 \url{(http://www.hip.fi/geant4/refsHeikkinen/heikkinen07cLecture.ppt)}},

@MISC{heikkinen07bLecture,		  
author        = {A.~Heikkinen},
title         = {Physics lists},
howpublished  = {Lecture at Geant4 tutorial, Geant4 logiciel de simulation physique, 
                 du 28 au 30 mars 2007 \`a Strasbourg-Cronenbourg},
}
note          = {\url{(http://www.hip.fi/geant4/refsHeikkinen/heikkinen07bLecture.pdf)} and 
                 \url{(http://www.hip.fi/geant4/refsHeikkinen/heikkinen07bLecture.ppt)}},

@MISC{heikkinen07aLecture,		  
author        = {A.~Heikkinen},
title         = {Introduction to {G}eant4 visualization},
howpublished  = {Lecture at Geant4 tutorial, Geant4 logiciel de simulation physique, 
                 du 28 au 30 mars 2007 \`a Strasbourg-Cronenbourg},
}
note          = {\url{(http://www.hip.fi/geant4/refsHeikkinen/heikkinen07aLecture.pdf)} and 
                 \url{(http://www.hip.fi/geant4/refsHeikkinen/heikkinen07aLecture.ppt)}},

Committees 0707070707070707070707070707070707070707070707070707070707070707

@MISC{heikkinen07aCommittee,		  
author        = {A.~Heikkinen},
title         = {Geant4 precompound and evaporation models},
howpublished  = {Main organizer of Mini-workshop on Geant4 precompound and evaporation models, 
                 CERN, July 16--20, 2007},
}

Reports 0707070707070707070707070707070707070707070707070707070707070707070
Reports cv, travel reports, group meeting reports, agedas
@MISC{heikkinen07kReport,		  
author        = {A.~Heikkinen with CMS collaboration},
title         = {{CMS} Expression of {I}nterest in the {SLHC}},
howpublished  = {CERN/LHCC 2007-014, LHCC-G-131},
month         = {15 March},
year          = {2007},
}
note= {\url{heikkinen07kReport.pdf)}}

@MISC{heikkinen07jReport,		  
author        = {A.~Heikkinen with CMS collaboration},
title         = {{CMS} {H}igh {D}ensity {QCD} with {H}eavy {I}ons -- 
                 {A}ddendum on {P}hysics {T}echnical {D}esign {R}eport},
howpublished  = {CERN/LHCC 2007-009, CMS TDR 8.2-Add1},
month         = {March},
year          = {2007},
}
note= {\url{heikkinen07jReport.pdf)}}

@MISC{heikkinen07iReport,		  
author        = {A.~Heikkinen},
title         = {Pictorical report from 12th Geant4 Collaboration Workshop},
year          = {2007},
}
note= {\url{(http://www.hip.fi/geant4/refsHeikkinen/heikkinen07iReport.pdf)}}

@MISC{heikkinen07hReport,		  
author        = {A.~Heikkinen},
title         = {Pictorical report from {CHEP'07}},
year          = {2007},
}
note= {\url{(http://www.hip.fi/geant4/refsHeikkinen/heikkinen07hReport.pdf)}}

@MISC{heikkinen07gReport,		  
author        = {A. Heikkinen},
title         = {Report from {Geant4} {P}recompound {M}iniworkshop},
year          = {2007},
}
note= {\url{(http://www.hip.fi/geant4/refsHeikkinen/heikkinen07gReport.pdf)}}

@MISC{heikkinen07fReport,		  
author        = {A.~Heikkinen},
title         = {Pictorical report from 1st {P}aris {Geant4} tutorial},
year          = {2007},
}
note= {\url{(http://www.hip.fi/geant4/refsHeikkinen/heikkinen07fReport.pdf)}}

MISC{heikkinen07fReport,		 ///::: see if file report is somewhere  
author        = {A. Heikkinen},
title         = {Hadron {S}howers - {M}aterial for {HIP} {SAB} report},
month         = {May},
year          = {2007},
note= {\url{(http://www.hip.fi/geant4/refsHeikkinen/heikkinen07fReport.pdf)}}
}

@MISC{heikkinen07eReport,		  
author        = {A.~Heikkinen},
title         = {Photo report from {ACAT}'07, {NIKHEF}, {A}msterdam, {A}pril 23--27, 2007},
}
note= {\url{(http://www.hip.fi/geant4/refsHeikkinen/heikkinen07eReport.pdf)}}


@MISC{heikkinen07dReport,		  
author        = {A.~Heikkinen},
title         = {Pictorical report from {S}trasbourg-{C}ronenbourg  {G}eant4 tutorial 28--30.3. 2007},
month         = {April},
year          = {2007},
}
note= {\url{(http://www.hip.fi/geant4/refsHeikkinen/heikkinen07dReport.pdf)}}

@MISC{heikkinen07cReport,		  
author        = {A.~Heikkinen},
title         = {Pictorical {R}eport from {F}innish {S}cience {T}eachers {S}pring {G}athering},
month         = {March},
year          = {2007},
}
note= {\url{(http://www.hip.fi/geant4/refsHeikkinen/heikkinen07cReport.pdf)}}

projects/070000cv
@MISC{heikkinen07bReport, 
author        = {A.~Heikkinen},
title         = {Curriculum {V}itae 2007},
howpublished  = {Unpublished},
month         = {May},   
year          = {2007},
}
note= {\url{(http://www.hip.fi/geant4/refsHeikkinen/heikkinen07bReport.pdf)}}
update as CV develops during year 2007 and then fix it to December

@MISC{heikkinen07aReport,		  
author        = {A.~Heikkinen},
title         = {Material for the year 2006 {HIP} {A}nnual {R}eport},
howpublished  = {Unpublished},
year          = {2006},
}
note= {\url{(http://www.hip.fi/geant4/refsHeikkinen/heikkinen07aReport.pdf)}}

Code manual 0707070707070707070707070707070707070707070707070707070707070

@MISC{heikkinen07aManual,
author        = {A.~Heikkinen with Geant4 Collaboration},
howpublished  = {Geant4 Physics Reference Manual -- Geant4 9.1},
month         = {December},
year          = {2007},
note          = {(Available at Geant4 Collaboration Webpage)},
}

Code releases 0707070707070707070707070707070707070707070707070707070707070

@MISC{heikkinen07dCode,		  
author        = {A.~Heikkinen},
title         = {{SOMHiggs} - a software utilizing {S}elf {O}rganizing {M}aps to separate 
                 {H}iggs signal from background},
howpublished  = {Code based on SOM\_PAK software developed for {ACAT} 2007 to demonstrate SOM 
                 unsupervised machine learnig, with case study using simulated {CMS} 
                 data for {H}iggs sigal and backgound},
month         = {May},
year          = {2007},
}
note           = {\url{(http://www.hip.fi/geant4/refsHeikkinen/heikkinen07dCodeSomHiggs.tar.gz)}}


@MISC{heikkinen07cCode,		  
author        = {A.~Heikkinen},
title         = {{TMVAtag} - a software based on {TMVA} to investigate {H}iggs particle signal tau tagging},
howpublished  = {Code developed for {CHEP} 2007 to demonstrate multivariate methods 
                 for simulated {CMS} {H}iggs sigal / backgound data},
month         = {May},
year          = {2007},
}
note           = {\url{(http://www.hip.fi/geant4/refsHeikkinen/heikkinen07cHipTmva.tar.gz)}}

@MISC{heikkinen07bCode,		  
author        = {A.~Heikkinen},
title         = {{Hadronics} - a software to investigate {G}eant4 hadronic physics submodels below 15 {GeV}},
howpublished  = {Code developed based on Geant4 advanced hadrontherapy example and shared 
                 with original developers from INFN Catania, 
                 when launching a joint pre-equilibrium and evaporation study},
month         = {April},
year          = {2007},
}
note           = {\url{http://www.hip.fi/geant4/refsHeikkinen/heikkinen07bHadronicsGeant4.8.1.p01.tar.gz}}

@MISC{heikkinen07aCode,		  
author        = {A.~Heikkinen},
title         = {{NO2ROOT} - a novise {G}eant4 example {NO2} extended to demonstrate {ROOT} usage 
                 in data-analysis},
howpublished  = {Demonstration given at Geant4 tutorial Geant4 logiciel de simulation physique, 
                 du 28 au 30 mars 2007 \`a Strasbourg-Cronenbourg},
month         = {March},
year          = {2007},
}
note          = {\url{(http://www.hip.fi/geant4/refsHeikkinen/heikkinen07aCodeN02Root4.8.1.p01.tar.gz)}}

Web sites 07070707070707070707070707070707070707070707070707070707070707070
@MISC{07aWeb,		  
author        = {A.~Heikkinen},
title         = {Personal Homepage},
howpublished  = {Published at \url{(http://aatos.wikispaces.com)} utilizing Wiki-technology},
year          = {2007},
}
note          = {07aWeb.tgz}

@MISC{07bWeb,		  
author        = {A.~Heikkinen and P.~Cirrone},
title         = {Wikispace for {G4EMU} -- the {G}eant4 {E}uropean {M}edical {U}ser {O}rganization},
howpublished  = {Published at http://aatos.wikispaces.com and utilizing Wiki-technology},
year          = {2007},
}
note          = {07bWeb.tgz}


@MISC{07cWeb,		  
author        = {A.~Heikkinen with Geant4 hadronic group},
title         = {Wikispace for {G}eant4 hadronic physics group},
howpublished  = {Published at \url{(http://geant4hadronics.wikispaces.com)} utilizing wiki -technology},
year          = {2007},
}
note          = {07cWeb.tgz}

@MISC{07dWeb,		  
author        = {A.~Heikkinen with HIP CMS Physics Analysis Group},
title         = {Wikispace for HIP CMS Physics Analysis Group},
howpublished  = {Published at http://cms-physics-analysis.wikispaces.com utilizing wiki-technology},
year          = {2007},
}
note          = {07dWeb.tgz}

@MISC{07eWeb,		  
author        = {A.~Heikkinen},
title         = {Wikispace for HIP data-analysis},
howpublished  = {Published at http:/hipdataanalysis.wikispaces.com utilizing wiki-technology},
year          = {2007},
}
note          = {07eWeb.tgz}

@MISC{07fWeb,		  
author        = {A.~Heikkinen with HIP CMS Physics Analysis Group},
title         = {Wikispace for HIP users of TMVA (Toolkit for Multivariate Data Analysis with ROOT)},
howpublished  = {Published at http:/hipdataanalysis.wikispaces.com utilizing wiki-technology},
year          = {2007},
}
note          = {07fWeb.tgz}

Private
@MISC{07gWeb,		  
author        = {A.~Heikkinen with A.~Heikkinen-Rummukainen},
title         = {Artists Homepage for Anja Heikkinen-Rummukainen},
howpublished  = {Published at \url{(http:/anjarummukainen.wikispaces.com)} utilizing wiki-technology},
year          = {2007},
note          = {\url{(http:/anjarummukainen.wikispaces.com)}, 07gWeb.tgz}
}


Misc 0707070707070707070707070707070707070707070707070707070707070707070707


0606060606060606060606060606060606060606060606060606060606060606060606060606 
Peer reviewed papers 060606060606060606060606060606060606060606060606060606

@ARTICLE{heikkinen06bPaper,		  
author        = {A.~Heikkinen and S.~Lehti},
title         = {Tagging b jets associated with heavy neutral {MSSM} {H}iggs bosons},
journal       = {Nucl. Instr. and Meth.},
volume        = {A},
number        = {559},
year          = {2006},
pages         = {195-198},
} 
VII.pdf
note= {\url{(http://www.hip.fi/geant4/refsHeikkinen/heikkinen06bPaper.pdf)}}

@ARTICLE{heikkinen06aPaper,		  
author        = {A.~Heikkinen with J.~Allison et al.},
title         = {Geant4 {D}evelopments and {A}pplications},
journal       = {IEEE Transactions on Nuclear Science} ,
volume        = {53},
number        = {1},
year          = {February 2006},
} 
III.pdf
note= {\url{(http://www.hip.fi/geant4/refsHeikkinen/heikkinen06aPaper.pdf)}}

Notes 060606060606060606060606060606060606060606060606060606060606060606060
@TECHREPORT{heikkinen06aNote,
author        = {A.~Heikkinen with D.~H.~Wright et. al.},
title         = {Recent {D}evelopments and {V}alidations in {G}eant4 {H}ardonic {P}hysics},
institution   = {SLAC-PUB-12348, 12th International Conference on Calorimetry in High Energy Physics, CALOR'06},
year          = {2006}
}
IV.pdf
note= {\url{(http://www.hip.fi/geant4/refsHeikkinen/heikkinen06aNote.pdf)}}

Proceedings 060606060606060606060606060606060606060606060606060606060606060
booktitle     = {proceedings of the CHEP 2006, Mumbai, India, February 13-17, 2006},
was as heikkinen07aProceedings
@INPROCEEDINGS{heikkinen06aProceedings, 
author        = {A.~Heikkinen and S.~Lehti},  
title         = {Self-organized maps for tagging b jets assosiated with heavy neutral {MSSM} {H}iggs bosons},
booktitle     = {{XV}th {I}nternational {C}onference on {C}omputing in {H}igh {E}nergy {P}hysics and 
                 {N}uclear {P}hysics ({CHEP}-06), {V}olume {I}},
year          = {2006},
note          = {Proceedings of the CHEP 2006, Mumbai, India, February 13-17, 2006},
}
note          = {Proceedings of the CHEP 2006, Mumbai, India, February 13-17, 2006, 
                 \url{(http://www.hip.fi/geant4/refsHeikkinen/heikkinen06aProceedings.pdf)}},

@INPROCEEDINGS{heikkinen06bProceedings,
author        = {A.~Heikkinen and T.~Lind\'{e}n},
title         = {Validation of {G}eant4 {B}ertini cascade nuclide production using parallel {ROOT} facility},
booktitle     = {{XV}th {I}nternational {C}onference on {C}omputing in {H}igh {E}nergy {P}hysics and 
                 {N}uclear {P}hysics ({CHEP}-06), {V}olume {I}},
}
note          = {\url{(http://www.hip.fi/geant4/refsHeikkinen/heikkinen06bProceedings.pdf)}},

Talks 060606060606060606060606060606060606060606060606060606060606060606060
Add June miniworkshop talk

@MISC{heikkinen06lTalk,		  
author        = {A.~Heikkinen},
title         = {Travel report on the {J}apan-{T}aiwan {S}ymposium on {S}imulation in {M}edicine},
howpublished  = {Talk given HIP group meeting November 16, 2006},
month         = {November},
year          = {2006},
}
note= {\url{(http://www.hip.fi/geant4/refsHeikkinen/heikkinen06lTalk.pdf)}}

@MISC{heikkinen06kTalk,		  
author        = {A.~Heikkinen},
title         = {Neural network approach to tagging b jets associated with {H}iggs bosons},
howpublished  = {Invited seminar talk given at Kobe University January 31, 2006},
}
note          = {\url{(http://www.hip.fi/geant4/refsHeikkinen/heikkinen06kTalk.pdf)}},

@MISC{heikkinen06jTalk,		  
author        = {A.~Heikkinen},
title         = {The development and validation of the {G}eant4 {B}ertini cascade models},
howpublished  = {Invited talk given at Japan Geant4 workshop, 26-26 January 2006 , Kisato University, Japan},
}
note          = {\url{(http://www.hip.fi/geant4/refsHeikkinen/heikkinen06jTalk.pdf)}},

@MISC{heikkinen06iTalk,		  
author        = {A.~Heikkinen},
title         = {Designing {G}eant4 {INCL}-{ABLA} {C}++ classes},
howpublished  = {Talk given at INCL-Geant4 meeting, 23 November, 2006, CEA, Saclay, France},
}
note          = {\url{(http://www.hip.fi/geant4/refsHeikkinen/heikkinen06iTalk.pdf)}},

@MISC{heikkinen06hTalk,		  
author        = {A.~Heikkinen},
title         = {Status and {P}lans for {G}eant4 {INCL-ABLA} {I}mplementations for ions},
howpublished  = {Invited talk given at Geant4-Spenvis Space Users' Workshop, NASA Jet Propulsion Laboratory - Pasadena, California (USA), 6-10 November 2006},
}
note          = {\url{(http://www.hip.fi/geant4/refsHeikkinen/heikkinen06hTalk.pdf)}},


@MISC{heikkinen06gTalk,		  
author        = {A.~Heikkinen},
title         = {{G}eant4 for {M}ultidiciplinary {A}pplications - a {R}eview},
howpublished  = {Invited talk given at IEEE/NSS, San Diego,USA, October 29 -- November 4, 2006},
}
note          = {\url{(http://www.hip.fi/geant4/refsHeikkinen/heikkinen06gTalk.pdf)}},

@MISC{heikkinen06fTalk,		  
author        = {A.~Heikkinen et al.},
title         = {Verification and validation of {G}eant4 {B}ertini cascade for {E} $<$ 170 {M}e{V}},
howpublished  = {Talk given at Geant4 Verification and Validation Workshop, CERN, July 17-19, 2006},
}
note          = {\url{(http://www.hip.fi/geant4/refsHeikkinen/heikkinen06fTalk.pdf)}},

@MISC{heikkinen06eTalk,		  
author        = {A.~Heikkinen with G.~A.~P.~Cirrone et al.},
title         = {Systematic validation of {G}eant4 electromagnetic and hadronic models against proton data},
howpublished  = {Talk given at CHEP 2006, Mumbai, India, February 13-17, 2006},
}
note          = {\url{(http://www.hip.fi/geant4/refsHeikkinen/heikkinen06eTalk.pdf)}},


@MISC{heikkinen06dTalk,		  
author        = {A.~Heikkinen et al.},
title         = {Verification/{V}alidation/{P}erformance for {H}adronics {P}arallel {S}essions. 
                 {S}ummary of hadronics parallel sessions on {T}uesday and {T}hursday},
howpublished  = {Talk given at 11th Geant4 Collaboration Workshop LIP, Lisbon (Portugal), 9-14 October 2006},
}
note          = {\url{(http://www.hip.fi/geant4/refsHeikkinen/heikkinen06dTalk.pdf)}},

@MISC{heikkinen06cTalk,		  
author        = {A.~Heikkinen},
title         = {Coulomb barrier in the {G}eant4 {B}ertini cascade code},
howpublished  = {Talk given at 11th Geant4 Collaboration Workshop LIP, Lisbon (Portugal), 9-14 October 2006},
}
note          = {\url{(http://www.hip.fi/geant4/refsHeikkinen/heikkinen06cTalk.pdf)}},

@MISC{heikkinen06bTalk,		  
author        = {A.~Heikkinen},
title         = {Recent development and plans on ion physics},
howpublished  = {Talk given at 11th Geant4 Collaboration Workshop, LIP, Lisbon (Portugal), 9-14 October 2006},
}
note          = {\url{(http://www.hip.fi/geant4/refsHeikkinen/heikkinen06bTalk.pdf)}},

@MISC{heikkinen06aTalk,		  
author        = {A.~Heikkinen and M.~Hannus et al.},
title         = {Code optimization of the {B}ertini intra-nuclear-cascade module in the {G}eant4 framework},
howpublished  = {Talk given at 11th Geant4 Collaboration Workshop, LIP, Lisbon (Portugal), 9-14 October 2006},
}
note          = {\url{(http://www.hip.fi/geant4/refsHeikkinen/heikkinen06aTalk.pdf)}},

Posters 0606060606060606060606060606060606060606060606060606060606060606060

:::::: g4 poster missing from this list ???

@MISC{heikkinen06bPoster,		
author        = {A.~Heikkinen with J.~Allison et al.},  
title         = {{G}eant4 toolkit - {S}tatus and {D}evelopments},
howpublished  = {Poster presented at IEEE NSS-MIC 2006, San Diego, USA 29.10. - 4.11.},
year          = {2006},
}
note= {\url{(http://www.hip.fi/geant4/refsHeikkinen/heikkinen06bPoster.pdf)}

@MISC{heikkinen06aPoster,		
author        = {A.~Heikkinen and S.~Lehti},  
title         = {Self-organized maps for tagging b jets assosiated with heavy neutral {MSSM} {H}iggs bosons},
howpublished  = {Poster presented at CHEP 2006, Mumbai, India, February 13-17, 2006},
year          = {2006},
}
note= {\url{(http://www.hip.fi/geant4/refsHeikkinen/heikkinen06aPoster.pdf)}}


Lectures 060606060606060606060606060606060606060606060606060606060606060606

@MISC{heikkinen06aLecture,		  
author        = {A.~Heikkinen},
title         = {Geant4 hadronic physics},
howpublished  = {Invited lecture talk given in Geant4 lecture cource at The Japan Taiwan Symposium on 
                 Simulation in Medicine, December 12-15, 2006, Tsukuba, Japan},
}
note          = {\url{(http://www.hip.fi/geant4/refsHeikkinen/heikkinen06aLecture.pdf)}},


Committees 0606060606060606060606060606060606060606060606060606060606060606
@MISC{heikkinen06eCommittee,		  
author        = {A.~Heikkinen},
howpublished  = {Main organizer of Geant4-INCL-ABLA mini workshop, 
                 19-21 June 2006, CERN, Geneva, Switzerland},
year          = {2006},
}

@MISC{heikkinen06dCommittee,		  
author        = {A.~Heikkinen},
howpublished  = {HIP Representative in Geant4 Transitional Steering Board},
year          = {2006},
}
note= {\url{(http://www.hip.fi/geant4/refsHeikkinen/heikkinen06dCommittee.pdf)}}

@MISC{heikkinen06cCommittee,		  
author        = {A.~Heikkinen and D.~Wright},
howpublished  = {Coordinating Geant4 Hadronic Physics Working Group},
year          = {2006},
}
note= {\url{(http://www.hip.fi/geant4/refsHeikkinen/heikkinen06cCommittee.pdf)}}

@MISC{heikkinen06bCommittee,		  
author        = {A.~Heikkinen et al.},
howpublished  = {In International Orgnizing Committee of Hadronic Shower Simulation Workshop, 
                 September 6-8, Fermi National Accelerator Laboratory, Batvia, Illinois},
year          = {2006},
}
note= {\url{(http://www.hip.fi/geant4/refsHeikkinen/heikkinen06bCommittee.pdf)}}

@MISC{heikkinen06aCommittee,		  
author        = {A.~Heikkinen et al.},
title         = {},
howpublished  = {In Local Organizing Committee of CERN School of Computing, 
                 Helsinki, August 21 - September 1, 2005},
}
note= {\url{(http://www.hip.fi/geant4/refsHeikkinen/heikkinen06aCommittee.pdf)}}

Reports 0606060606060606060606060606060606060606060606060606060606060606060

@MISC{heikkinen06dReport,		  
author        = {A.~Heikkinen with CMS collaboration},
title         = {Physics {T}echnical {D}esign {R}eport {V}ol. {II}, {P}hysics {P}erformance},
howpublished  = {CERN/LHCC series, 2006-021 (2006) 641 pp.},
year          = {2006},
}
note= {\url{(http://www.hip.fi/geant4/refsHeikkinen/heikkinen06dReport.pdf)}}

@MISC{heikkinen06cReport,		  
author        = {A.~Heikkinen with CMS collaboration},
title         = {Physics {T}echnical {D}esign {R}eport {V}ol. {I}, {D}etector {P}erformance and {S}oftware},
howpublished  = {CERN/LHCC series, 2006-001 (2006) 522 pp.},
year          = {2006},
}
note= {\url{(http://www.hip.fi/geant4/refsHeikkinen/heikkinen06cReport.pdf)}}

@MISC{heikkinen06bReport,		  
author        = {A.~Heikkinen},
title         = {Travel report on the {J}apan-{T}aiwan {S}ymposium on {S}imulation in {M}edicine},
howpublished  = {Talk given HIP group meeting December 20, 2006},
month         = {December},
year          = {2006},
}
note= {\url{(http://www.hip.fi/geant4/refsHeikkinen/heikkinen06bReport.pdf)}}

@MISC{heikkinen06aReport,		  
author        = {A.~Heikkinen},
title         = {Curriculum Vitae},
howpublished  = {Unpublished},
month         = {November},
year          = {2006},
}
note= {\url{(http://www.hip.fi/geant4/refsHeikkinen/heikkinen06aReport.pdf)}}

Code releases 0606060606060606060606060606060606060606060606060606060606060
@MISC{heikkinen06aCode,		  
author        = {A.~Heikkinen},
title         = {Bertini cascade for {G}eant4.8.1 release {J}une 27th, 2006},
howpublished  = {Published as part of Geant4.8.1 release},
month         = {June},
year          = {2006},
}
note           = {\url{(http://www.hip.fi/geant4/refsHeikkinen/heikkinen06aCode.pdf)}}

Web sites 06060606060606060606060606060606060606060606060606060606060606060
Misc 0606060606060606060606060606060606060606060606060606060606060606060606 



0505050505050505050505050505050505050505050505050505050505050050505050505050
Peer reviewed papers 050505050505050505050505050505050505050505050505050505
Notes 050505050505050505050505050505050505050505050505050505005050505050505
Proceedings 050505050505050505050505050505050505050505050505050505005050505

@INPROCEEDINGS{heikkinen05cProceedings,
author        = {A.~Heikkinen},
title         = {Validation of {G}eant4 {B}ertini cascade nuclide production},
booktitle     = {Proceedings of the {F}ourth {I}nternational {W}orkshop on {F}rontier {S}cience 2005, 
                 {N}ew {F}rontiers in {S}ubnuclear {P}hysics, {U}niversit\`{a} di {M}ilano-{B}icocca, 
                 {I}talia, {S}eptember 12--17, 2005},
series        = {Frascati Physics Series Vol. XL (2006), pp. 259--264},
}
note          = {\url{(http://www.hip.fi/geant4/refsHeikkinen/heikkinen05cProceedings.pdf)}},

renemed as heikkinen06bProceedings
@INPROCEEDINGS{heikkinen05bProceedings,
author        = {A.~Heikkinen and T.~Lind\'{e}n RENAMED as heikkinen06bProceedings},
title         = {Validation of {G}eant4 {B}ertini cascade nuclide production using parallel {ROOT} facility},
booktitle     = {Proceedings of the SNA ::: 2005},
}
note          = {\url{(http://www.hip.fi/geant4/refsHeikkinen/heikkinen05bProceedings.pdf)}},

thesis A.pdf
@INPROCEEDINGS{heikkinen05aProceedings,   
author        = {A.~Heikkinen},
title         = {Implementing the {B}ertini intra-nuclear-cascade in the {G}eant4 hadronic framework},
booktitle     = {Proceedings of the Monte Carlo Method: Versality Unbounded in a Dynamic Computing World, 
                 Chattanooga, Tennessee, April 17-21, 2005, on CD-ROM},
organization  = {American Nuclear Society, LaGrange Park, IL, USA},
}
note          = {\url{http://www.hip.fi/geant4/refsHeikkinen/heikkinen05aProceedings.pdf}}

Talks 050505050505050505050505050505050505050505050505050505005050505050505

@MISC{heikkinen05aTalk,		  
author        = {A.~Heikkinen},
title         = {Validation of {G}eant4 {B}ertini cascade nuclide production},
howpublished  = {Invited talk given at FrontierScience, Milan, September 12-17},
month         = {2005},
}
note= {\url{http://www.hip.fi/geant4/refsHeikkinen/heikkinen05aTalk.pdf}}

@MISC{heikkinen05bTalk,		  
author        = {A.~Heikkinen},
title         = {Artificial {N}eural {N}etworks for {S}ignal-{B}ackground {S}eparation},
howpublished  = {Seminar talk given at Helsinki Institute of Physcis, Helsinki, March 30th},
month         = {2005},
}
note= {\url{http://www.hip.fi/geant4/refsHeikkinen/heikkinen05bTalk.pdf}}

Posters 0505050505050505050505050505050505050505050505050505050050505050505
Lectures 050505050505050505050505050505050505050505050505050505005050505050
Committees 0505050505050505050505050505050505050505050505050505050050505050

@MISC{heikkinen05bCommittee,		  
author        = {A.~Heikkinen et al.},
howpublished  = {In International Scientific Committee of 10th Geant4 User Conference and 
                 Collaboration Workshop 3-10.11., Bordeaux, France},
year          = {2005},
}
note= {\url{(http://www.hip.fi/geant4/refsHeikkinen/heikkinen05bCommittee.pdf)}}

@MISC{heikkinen05aCommittee,		  
author        = {A.~Heikkinen et al.},
howpublished  = {In Local Organizing Committee of 2nd Finnish Geant4 Workshop 6-7.6., 
                 Helsinki Institute of Physics, Finland},
year          = {2005},
}
note= {\url{(http://www.hip.fi/geant4/refsHeikkinen/heikkinen05aCommittee.pdf)}}

Reports 0505050505050505050505050505050505050505050505050505050050505050505
@MISC{heikkinen05aReport,		  
author        = {A.~Heikkinen with CMS collaboration},
title         = {{CMS} -- {T}he {C}omputing {P}roject {T}echnical {D}esign {R}eport}, 
howpublished  = {CERN/LHCC 2005-023, CMS TDR 7},
month         = {20 June},
year          = {2005},
}
note= {\url{heikkinen05aReport.pdf)}}

@ELECTRONIC{heikkinen05h,
author        = {A.~Heikkinen},
title         = {{C}urriculum {V}itae},
howpublished  = {(Unpublished)},
month         = dec,  
year          = {2005},
}
url           = {http://cmsdoc.cern.ch/~miheikki/},

Code releases 0505050505050505050505050505050505050505050505050505050050505
Web sites 05050505050505050505050505050505050505050505050505050500505050505

@ELECTRONIC{heikkinen05g,
author        = {A.~Heikkinen},
title         = {2nd {F}innish {G}eant4 {W}orkshop homepage},
year          = {2005},
}
url           = {\url{(http://www.hip.fi/geant4/workshop05)}},

Misc 0505050505050505050505050505050505050505050505050505050050505050505050

@ARTICLE{heikkinen05f,		  
author        = {A.~Heikkinen::},
title         = {::: {G}eant4 {B}ertini cascade validation},
journal       = {HIP-2005-:::-EXP},
note          = {Collects Genova meeting, Frontier science (isotope production) and Gean4 Bordeux (bragg), 
                 and HIP day presentationstogether as note to be published later},
}

@INPROCEEDINGS{heikkinen05a,
author        = {A.~Heikkinen, :::},
title         = {:::},
booktitle     = {Proceedings of the {XXXVIII}::: Annual Conference of the Finnish Physical Society, 
                 ::: {F}inland},
}

0404040404040404040404040404040404040404040404040404040404040404040404040404

@MISC{heikkinen04aCommittee,		  
author        = {A.~Heikkinen},
howpublished  = {Scientific Committee of 9th Geant4 User Conference and Collaboration Workshop, 
                 October 4-9, Catania, Sicily, Italy},
year          = {2004},
}
note= {\url{(http://www.hip.fi/geant4/refsHeikkinen/heikkinen04aCommittee.pdf)}}

@MISC{heikkinen04bLecture,		  
author        = {A.~Heikkinen},
title         = {{ROOT}, an object oriented data analysis framework - introduction and demos},
howpublished  = {Lectures given at data-analysis cource University of Helsinki, 
                 Physics Department :::talk.pdf},
note           = {\url{(http://geant4.web.cern.ch)}},
month         = {March},
year          = {2004},
}

@MISC{heikkinen04aLecture,		  
author        = {A.~Heikkinen},
title         = {Geant4 {H}adronic {P}hysics: {P}arametrised and {T}heoretical {M}odels},
howpublished  = {Lecture given at IEEE NSS-MIC Geant4 short course, Rome ::::},
year          = {2004},
}
note= {\url{(http://www.hip.fi/geant4/refsHeikkinen/heikkinen04aLecture.pdf)}}

@INPROCEEDINGS{heikkinen04aProceedings,
author        = {A.~Heikkinen and T.~Lind\'{e}n},
title         = {Validation of the {G}eant4 {B}ertini {C}ascade model and data analysis using 
                 the {P}arallel {ROOT} {F}acility on a {L}inux cluster},
booktitle     = {Proceedings of CHEP'04, Interlaken, Switzerland, 27 September - 1 October, 2004.
                 CERN-2005-002 Vol. 1 (2005) pp.306--309},
year          = {2005}
}
note= {\url{(http://www.hip.fi/geant4/refsHeikkinen/heikkinen04aProceedings.pdf)}},


@INPROCEEDINGS{heikkinen04bProceedings,
author        = {D.~Wright and A.~Heikkinen},
title         = {Adding {K}aons to the {B}ertini cascade model},
booktitle     = {Proceedings of CHEP'04, Interlaken, Switzerland, 27 September - 1 October, 2004.
                 CERN-2005-002 Vol. 1 (2005) pp.215--218},
year          = {2005}
}
B.pdf in thesis
note= {\url{(http://www.hip.fi/geant4/refsHeikkinen/heikkinen04bProceedings.pdf)}},

@MISC{heikkinen04f,		  
author        = {A.~Heikkinen},
title         = {Effective {C}ircle {F}itting},
howpublished  = {g++ source code},
year          = {2003},
}
note = {{\it [Based on idea and original code of V.~Karim\"{a}ki, 
        a slightly modified compact source code with test program.}

@MISC{heikkinen04e,		  
author        = {A.~Heikkinen and J.-P.~Wellisch},
title         = {Bertini cascade physics lists {QGSP\_BERT} and {LHEP\_BERT} ({PACK} 2.5)},
howpublished  = {Source code for Bertini cascade usage for Geant4 release 6.2 (Unpublished)},
year          = {2003},
}
url           = {http://wwwasd.web.cern.ch/wwwasd/geant4/geant4.html},
note          = {Available as Geant4 C++ source code. \url{(http://wwwasd.web.cern.ch/wwwasd/geant4/geant4.html)}}

@MISC{heikkinen04d,		  
author        = {A.~Heikkinen with Geant4 collaboration},
title         = {Geant4, release 6.2},
howpublished  = {Geant4 Webpage},
url           = {http://geant4.web.cern.ch},
month         = {June},
year          = {2004},
note          = {Implementation of Bertini cascade in Geant4}
}

@INPROCEEDINGS{heikkinen04b,
author        = {T.~Brander, A.~Heikkinen, H.~Katajisto, and F.~Garc\'ia},
title         = {Geant4 shielding simulation of graphite-epoxy composite material 
                 for a satellite electronics housing},
booktitle     = {Proceedings of the XXXVIII Annual Conference of the Finnish Physical Society, 
                 March 18-20, 2004, Oulu, Finland},
number        = {25},
series        = {Report series in physical sciences},
year          = {2004},
}
number        = {Report No. 25 (2004)},
note          = {{\it [Abstract available in 
                 \url{(http://cmsdoc.cern.ch/~miheikki/homepage/cv/archive/heikkinen04b.pdf)}]}},

@INPROCEEDINGS{heikkinen04a,
author        = {A.~Heikkinen},
title         = {Data analysis framework for optimization of neural networks by genetic algorithm},
booktitle     = {Proceedings of the XXXVIII annual conference of the finnish physical society, 
                 March 18-20, 2004, Oulu, Finland},
number        = {Report No. 25 (2004)},
series        = {Report series in physical sciences},
}
note          = {{\it [Abstract available in 
                 http://cmsdoc.cern.ch/~miheikki/homepage/cv/archive/heikkinen04a.pdf]}},

@TECHREPORT{heikkinen04aNote,
author        = {A.~Heikkinen with L.~A.~Wendland et. al.},
title         = {Novel {D}ata-{A}cquisition {S}ystem for {S}ilicon {T}racking {D}etectors},
institution   = {CMS CR-2004/009},
year          = {2004}
}
note= {\url{(http://www.hip.fi/geant4/refsHeikkinen/heikkinen04aNote.pdf)}}

0303030303030303030303030303030303030303030303030303030303030303030303030303

@MISC{heikkinen03aPoster,		  
author        = {A.~Heikkinen with L.~A.~Wendland et al.},
title         = {Novel {D}ata-{A}quisition {S}ystem for {S}ilicon {T}racking {D}evices},
howpublished  = {Poster presented at CHEP'03, La Jolla, California 24.-28.3.},
year          = {2003},
}
note= {\url{(http://www.hip.fi/geant4/refsHeikkinen/heikkinen03aPoster.pdf)}}

@MISC{heikkinen03aCommittee,		  
author        = {A.~Heikkinen et al.},
howpublished  = {In Local Organizing Committee of 1st Finnish Geant4 Workshop 30-31.10., 
                 Helsinki Institute of Physics, Finland},
}
note= {\url{(http://www.hip.fi/geant4/refsHeikkinen/heikkinen03aCommittee.pdf)}}

@MISC{heikkinen03aTalk,		  
author        = {A.~Heikkinen},
title         = {Bertini {INC} {C}ascade with {I}sotope {P}roduction {M}odels},
howpublished  = {Talk given at Geant4 Workshop, Vancouver, September 2-6},
month         = {2003},
}
note= {\url{(http://www.hip.fi/geant4/refsHeikkinen/heikkinen03aTalk.pdf)}}

@ARTICLE{heikkinen03o,		  
author        = {A.~Heikkinen with E.~Tuominen et al.},
title         = {Test beam results of a large area strip detector made on high resistivity 
                 {C}zochralski silicon},
journal       = {Nucl. Phys. B (Proceedings Supplements)},
volume        = {125C},
year          = {2003},
pages         = {175--178},
}

@BOOKLET{heikkinen03n,
author        = {A.~Heikkinen with Geant4 Collaboration},
title         = {Bertini {I}ntranuclear {C}ascade {M}odel in {G}eant4},
howpublished  = {Geant4 Physics Reference Manual},
month         = {June},
year          = {2003},
}

@MISC{heikkinen03m,		  
author        = {A.~Heikkinen with Geant4 collaboration},
howpublished  = {Geant4, release 5.1},
month         = {July},
year          = {2003},
note          = {{\it [Improved version of Bertini cascade released.]}}
}

@MISC{heikkinen03l,		  
author        = {A.~Heikkinen},
title         = {Bertini {INC} {C}ascade with {I}sotope {P}roduction {M}odels},
howpublished  = {(Unpublished talk)},
year          = {2003},
note          = {{\it [Talk given at Geant4 Workshop, TRIUMF, Vancouver, September 2-6, 2003}]}
}

@MISC{heikkinen03k,		  
author        = {A.~Heikkinen},
title         = {Geant4 {BERT} cascade physics lists ({PACK} 2.3)},
howpublished  = {Source code for Bertini cascade usage for Geant4 release 5.2 (Unpublished)},
year          = {2003}
}
note          = {{\it [Updated available as Geant4 C++ source code 
                 \url{(http://wwwasd.web.cern.ch/wwwasd/geant4/geant4.html)}.]}},

@MISC{heikkinen03j,		  
author        = {A.~Heikkinen},
title         = {A {R}eview of {H}iggs {S}earch by {N}eural {N}etworks},
howpublished  = {(Unpublished talk)},
month         = {November},
year          = {2003},
note          = {{\it [Talk given at HIP seminat 'What is happening in high energy physics' ]}}
}

Presented at: CHEP2003 - International Conference on Computing in High Energy and Nuclear Physics, 
La Jolla, San Diego, California, USA, March 24-28, 2003. Also published in CD format SLAC-R-636
@TECHREPORT{heikkinen03aNote,
author        = {V.~Karim\"{a}ki, A.~Heikkinen, T. Lamp\'{e}n and T. Lind\'{e}n},
title         = {Sensor {A}lignment by {T}racks},
institution   = {CMS CR-2003/022},
year          = {2003}
}
note= {\url{(http://www.hip.fi/geant4/refsHeikkinen/heikkinen03aNote.pdf)}}

@INPROCEEDINGS{heikkinen03h,
author        = {A.~Heikkinen with T.~Lind\'{e}n et al.},
title         = {Geant4 in {LHC} computing - the {H}elsinki {I}nstitute of {P}hysics perspective},
booktitle     = {The 8th {N}ordic {LHC} {P}hysics {W}orkshop, {L}und, {S}weden, {N}ovember 28th-29th, 2003},
note          = {{\it [Talk given by T.~Lind\'{e}n]}},
}

@INPROCEEDINGS{heikkinen03g,
author        = {A.~Heikkinen et al.},
title         = {The Performance of a new {G}eant4 {B}ertini {I}ntra-{N}uclear {C}ascade {M}odel 
                 in a {H}igh {T}hroughput {C}omputing ({HTC}) Cluster Architecture},
booktitle     = {Proceedings of SNA, Paris 22.-24.9 2003},
}
note          = {{\it [Abstract available at 
                 \url{(http://cmsdoc.cern.ch/~miheikki/homepage/cv/archive/heikkinen03g.pdf)}]}},


@INPROCEEDINGS{heikkinen03dProceedings,
author        = {V.~Karim\"{a}ki, A.~Heikkinen, T. Lamp\'{e}n and T. Lind\'{e}n},
title         = {Sensor {A}lignment by {T}racks},
booktitle     = {Proceedings of CHEP'03, La Jolla, California 24.-28.3. 2003},
note          = {{\sf [arXiv: physics/0306034]}, {\sf SLAC-R-636}},
}
note          = {\url{(http://www.hip.fi/geant4/refsHeikkinen/heikkinen03dProceedings.pdf)}},

http://arxiv.org/pdf/physics/0306015
@INPROCEEDINGS{heikkinen03eProceedings,
author        = {A.~Heikkinen with L.~A.~Wendland et al.},
title         = {Novel {D}ata {A}cquisition {S}ystem for {S}ilicon {T}racking {D}etectors},
booktitle     = {Proceedings of CHEP'03, La Jolla, California 24.-28.3. 2003},
note          = {{\sf [arXiv: physics/0306015]}, {\sf SLAC-R-636}},
}
note          = {SLAC-R-636, \url{(http://www.hip.fi/geant4/refsHeikkinen/heikkinen03eProceedings.pdf)}},

Proceedings of 8th Topical Seminar on Innovative Particle and Radiation Detectors, 
Siena, Italy, October 21-24, 2002
@ARTICLE{heikkinen03cProceedings,
author        = {A.~Heikkinen with E.~Tuominen et al.}, 
title         = {Test beam results of a large area strip detector made on high resistivity 
                 {C}zochralski {S}ilicon},		  
journal       = {Nuclear Physics},
volume        = {B (Proc. Suppl.)},
number        = {125},
year          = {2003},
pages         = {175-178},
}
note= {\url{(http://www.hip.fi/geant4/refsHeikkinen/heikkinen03cProceedings.pdf)}},

@INPROCEEDINGS{heikkinen03bProceedings,
author        = {A.~Heikkinen, N.~Stepanov, and J.~P.~Wellisch},
title         = {Bertini intra-nuclear cascade implementation in {G}eant4},
booktitle     = {Proceedings of CHEP'03, La Jolla, California 24.-28.3. 2003},
note          = {{\sf [arXiv: nucl-th/0306008]}, {\sf SLAC-R-636}},
} 
II.pdf
note         = {nucl-th/0306008, SLAC-R-636, 
                \url{(http://www.hip.fi/geant4/refsHeikkinen/heikkinen03bProceedings.pdf)}, 
                \url{(http://arxiv.org/pdf/nucl-th/0306008)}},

NOTE: NO heikkinen03aProceedings

@INPROCEEDINGS{heikkinen03c,
author        = {A.~Heikkinen with K.~Banzuzi et al.},
title         = {{HIP} {CMS} programme - higlights of research results},
booktitle     = {Proceedings of the XXXVII annual conference of the finnish physics society, 
                 March 20-22, 2003, Helsinki, Finland},
number        = {HU-P-265},
series        = {Report series in physics},
organization  = {University of Helsinki},
note          = {Developed idea and basic structure for this paster.},
}

@INPROCEEDINGS{heikkinen03b,
author        = {S.~Lehti and A.~Heikkinen},
title         = {Tau tagging in $H_{SUSY} \rightarrow \tau \tau$ at {CMS} using {N}eural {N}etworks},
booktitle     = {Proceedings of the XXXVII annual conference of the finnish physics society, 
                 March 20-22, 2003, Helsinki, Finland},
number        = {HU-P-265},
series        = {Report reries in physics},
organization  = {University of Helsinki},
note          = {Gave idea for this poster and made NN analysis.},
}

General paper..
Responsibility on hadronics models section including HETC and INUCL codes
@ARTICLE{heikkinen03aPaper,		  
author        = {A.~Heikkinen with Geant4 collaboration},
title         = {Geant4 - a simulation toolkit},
journal       = {Nucl. Instr. and Meth.},
volume        = {A},
number        = {506},
year          = {2003},
pages         = {250--303},
} 
I.pdf
note          = {\url{(http://www.hip.fi/geant4/refsHeikkinen/heikkinen03aPaper.pdf)}},

0202020202020202020202020202020202020202020202020202020202020202020202020202

@MISC{heikkinen02aReport,		  
author        = {A.~Heikkinen with CMS collaboration},
title         = {The {T}ri{DAS} {P}roject - {T}echnical {D}esign {R}eport, {V}olume 2: 
                 {D}ata {A}cquisition and {H}igh-Level {T}rigger},
howpublished  = {CERN/LHCC 02-26, CMS TDR 6},
year          = {2002},
}
note= {\url{heikkinen02aReport.pdf)}}

@MISC{heikkinen02q,		  
author        = {A.~Heikkinen with Geant4 collaboration},
howpublished  = {Geant4, release 4.1},
month         = {November:::},
year          = {2002},
note          = {First version of the Bertini cascade released.},
}

@MISC{heikkinen02o,		  
author        = {A.~Heikkinen},
title         = {Reports of meeting},
howpublished  = {(Unpublished)},
year          = {2002},
note          = {Collection of travel reports.},
}

@MISC{heikkinen02n,		  
author        = {A.~Heikkinen},
title         = {{HETC} software intranuclear cascade processes rewrite for Geant4.},
howpublished  = {C++ source code, CERN, HIP},
year          = {2001},
note          = {Published in Geant4 hadronic processes category.},
}

@MISC{heikkinen02m,
author        = {A.~Heikkinen},
title         = {Hadronic cascades in {G}eant4},
howpublished  = {Documentation published in Geant4 hadronic cascade homepage by HIP},
month         = {October},
year          = {2002},
note          = {Documentation of Geant4 hadronic cascades. 
                 \url{(http://cmsdoc.cern.ch/~miheikki/geant4/cascade/doc/manCascade.pdf)}},
}

@Misc{heikkinen02l,
author = {A.~Heikkinen},
title = {Geant4 hadronic cascades homepage},
howpublished = {Published as web page by HIP},
month = {October},
year = {2002},
}
note = {{\it [\url{(http://cmsdoc.cern.ch/~miheikki/geant4/cascade/doc/manCascade)}]}}

@Misc{heikkinen02k,
author = {A.~Heikkinen},
title = {{INUCL} homepage},
howpublished = {Published as web page by HIP},
month = {October},
year = {2002},
}
note = {{\it [\url{(http://cmsdoc.cern.ch/~miheikki/geant4/cascade/doc/inucl/homeInucl)}]}}

@Misc{heikkinen02j,
author = {A.~Heikkinen},
title = {{HETC} homepage},
howpublished = {Published as web page by HIP},
month = {October},
year = {2002},
}
note = {{\it [\url{(http://cmsdoc.cern.ch/~miheikki/geant4/cascade/doc/hetc/homeHETC)]}}

@Misc{heikkinen02i,
author = {A.~Heikkinen},
title = {Status of the {G}eant4 simulation package},
howpublished = {Talk given at the Particle Physics Day, University of Jyv\"{a}skyl\"{a}, 
October, 2002},
month = {October},
year = {2002},
note = {{\it [Report from Geant4 workshop and decription of HIP involment.]}}
}

@Misc{heikkinen02h, 
author = {A.~Heikkinen},
title = {Geant4 related news},
howpublished = {Talk given at Software and Physics group meeting October 16. 2002},
month = {October},
year = {2002},
note = {{\it [Topic: Inform group with the status of Geant4 and cascade code.]}}
}

@Misc{heikkinen02d,
author       = {A.~Heikkinen et al.},
title        = {Off-line {A}nalysis of {D}ata {C}ollected by {D}eficient {S}ilicon {S}trip {D}etectors 
               in a {H}igh {M}omentum {M}uon {B}eam},
howpublished = {Poster presented at 9th European Symposium on Semiconductor Detectors
                - New Developments on Radiation Detectors, Schloss Elmau, Gemrmany, June 23 - 27, 2002},
month        = {June},
year         = {2002}
}
note = {{\it [Topics: off-line analysis, deficient SiBT detectors. (Not published.)]}}

@Misc{heikkinen02c, 
author = {A.~Heikkinen},
title = {{WORKSHOP} {ON} b / tau {PHYSICS} {AT} {THE} {LHC}},
howpublished = {Web page for workshop},
month = {May},
year = {2002},
}
note = {{\it [\url{(http://www.hip.fi/btau)}]}}

note style: naming publication to heikkinen if I'm in publication list. 
@ARTICLE{heikkinen02b,		  
author  = {A.~Heikkinen with T.~Lamp\'{e}n et al.},
title   = {Detector {A}lignment by {R}econstructed {T}racks},
journal = {Proceeding of the XXXVI Annual Conference of the Finnish Physical Society, 
          March 14-26, 2002, Department of Physics, University of Joensuu},
number  = {Selected Papers 7},
year    = {2002},
}
pages = {85}, 
note =	 {{\it [Topics in this poster: CMS alignment and calibration algorithm applied to SiBT alignment.]}}

@ARTICLE{heikkinen02a,		  
author  = {A.~Heikkinen and N.~Stepanov},
title   = {{INUCL++}, A {H}adronic {C}ascade {C}ode for {G}eant4},
journal = {Proceeding of the XXXVI Annual Conference of the Finnish Physical Society, 
          March 14-26, 2002, Joensuu},
volume  = {Department of Physics, University of Joensuu} ,
number  = {Selected papers 7} ,
year    = {2002},
pages   = {84},
}
Topics include: INUCL and its physics models intranuclear cascade, pre-equilibrium, fission, and evaporation.
note    = {{\it [Abstract available in 
           \url{(http://cmsdoc.cern.ch/~miheikki/homepage/cv/archive/heikkinen02a.pdf)}. 

0101010101010101010101010101010101010101010101010101010101010101010101010101

CERN, June - July 2001
	
@Misc{heikkinen01i,
author       = {A.~Heikkinen},
title        = {Advanced usage {M}athematica},
howpublished = {Mathematica notebook published in the web},
month        = {Juli},
year         = {2001},
note         = {{\it [Educational approach advanced Mathematica features. 
                \url{(http://cmsdoc.cern.ch/~miheikki/tools/math/doc/advanced.nb)}]}}
}

@Misc{heikkinen01h,
author = {A.~Heikkinen},
title = {Introduction to {M}athematica},
howpublished = {Mathematica notebook published in the web},
month = {Juli},
year = {2001},
}
note = {{\it [Educational approach to basic Mathematica features. 
         \url{(http://cmsdoc.cern.ch/~miheikki/tools/math/doc/introduction.nb)}]}}
	
@Misc{heikkinen01g,
author = {A.~Heikkinen},
title = {Symbolic {P}article {K}inematics},
howpublished = {Special assignment for particle kinematics course included Mathematica notebook, 
                Physics department, University of Helsinki},
month = {July},
year = {2001},
note = {{\it [Special assignment of Mathematica examples of particle kinematic calculations.]}}
}

@Misc{heikkinen01f,		  
author = {N.~Stepanov and A.~Heikkinen},
title = {{INUCL++} software medium energy {MC} simulation of hadronic intranuclear processes},
howpublished = {C++ source code, CERN, HIP},
year = {2001},
note = {{\it [Downloadable from INUCL homepage.]}}
}

@Misc{heikkinen01e,		  
author = {A.~Heikkinen et al.},
title = {{DALI} detector alignment software},
howpublished = {C++ source code in CMS ORCA software \url{(http://cmsdoc.cern.ch/orca)}},
year = {2001},
note = {{\it [Released as part of CMS experiment ORCA software]}}
}

@Misc{heikkinen01d,
author = {A.~Heikkinen},
title = {Neural networks in {H}igh {E}nergy {P}hysics},
howpublished = {Seminar given at Neural Network Laboratory, March 2001, Helsinki University of Technology, Espoo},
month = {November},
year = {2001},
note = {{\it [Invited talk. Introduction to HEP computing. Topics covered cases where ANNs are used. SOM discussions]}}
}

@TECHREPORT{heikkinen01aNote,		  
author = {A.~Heikkinen with K.~Banzuzi et al.},
title = {Test beam results with upgraded {H}elsinki {S}ilicon {B}eam {T}elescope},
journal = {HIP Internal Report},
volume ={HIP-2001-08},
year = {2001}
} 
VI.pdf
note= {\url{(http://www.hip.fi/geant4/refsHeikkinen/heikkinen01aNote.pdf)}}
note = {{\it [Responsibility: edited off-line software section.]}}

@ARTICLE{heikkinen01b,		  
author = {T.~Lamp\'{e}n and A. Heikkinen},
title = {High {E}nergy {T}ransport {C}ode ({HETC}) for {G}eant4},
journal = {Proceeding of the XXXV Annual Conference of the Finnish Physical Society, March 22-24, 2001, Jyv\"{a}skyl\"{a}},
volume ={Department of Physics, University of Jyv\"{a}skyl\"{a}} ,
number ={Research report No.5} ,
year = {2001},
pages = {79},
note = {{\it [Topics in this poster: Geant4, HETC, HETC evaporation model.]}}
}
	
@Misc{heikkinen01a,
author = {A.~Heikkinen},
title = {Developing hadronic models in {G}eant4},
howpublished = {Talk given at the Particle Physics Day, University of Helsinki},
month = {November},
year = {2001},
note = {{\it [Topics: OO programming and Geant4 hadronic processes framework.]}}
}

0000000000000000000000000000000000000000000000000000000000000000000000000000
 

@MISC{heikkinen00aReport,		  
author        = {A.~Heikkinen with CMS collaboration},
title         = {The {T}ri{DAS} {P}roject - {T}echnical {D}esign {R}eport, {V}olume 1: {T}he {T}rigger {S}ystems},
howpublished  = {CERN/LHCC 00-38, CMS TDR 6.1},
year          = {2000},
}
note= {\url{heikkinen00aReport.pdf)}}

TRIUMF, Vancouver 1-13, March 2000
 CERN, June - August, 2000

@Misc{heikkinen00g,
author = {A.~Heikkinen},
title = {Personal homepage at {CERN}},
month = {December},
year = {2000},
note = {{\it [Interested described, curriculum vitae and list of publications.]}}
}
howpublished = {Published as web page \url{(http://cmsdoc.cern.ch/~miheikki/homepage)}},

@Misc{heikkinen00f,
author = {A.~Heikkinen},
title = {{SiBT} software homepage at {CERN}},
month = {July},
year = {2000},
note = {{\it [SiBT homepage for data-analysis purposes]}}
}
howpublished = {\url{(http://cmsdoc.cern.ch/cms/testbeam/www/telescope/sibt)}},

HIP note republished in CMS
@TechReport{heikkinen00aNote,
author = {A.~Heikkinen and T.~Lamp\'{e}n},
title = {High {E}nergy {T}ransport {C}ode ({HETC}) for {G}eant4~--~progress report.},
institution = {CMS IN-2000/062},
year = {2000}
}
note= {\url{(http://www.hip.fi/geant4/refsHeikkinen/heikkinen00aNote.pdf)}}

@Misc{heikkinen00d,
author = {A.~Heikkinen},
title = {Re-engineering and {F}urther {D}evelopment of {HETC}},
howpublished = {Talk given at Geant4 Workshop at Villingen, ESTEC, Noordwijk, the Netherlands (Unpublished)},
month = {October},
year = {2000},
note = {{\it [Talk given by HansPeter Wellisch.]}}
}

@ARTICLE{heikkinen00aPaper,		  
author = {A.~Heikkinen with K. Banzuzi et al.},
title = {Performance and calibration studies of silicon strip detectors in a test beam},
journal = {Nuclear Instruments and Methods},
volume ={A},
number ={453},
year = {2000},
pages = {536-544},
} 
V.pdf
note= {\url{(http://www.hip.fi/geant4/refsHeikkinen/heikkinen00aPaper.pdf)}}

@TechReport{heikkinen00b,
author = {A.~Heikkinen and T. Lamp\'{e}n},
title = {High {E}nergy {T}ransport {C}ode ({HETC}) for {G}eant4 -- progress report.},
institution = {HIP-2000-03 / EXP},
year = {2000},
}

@TechReport{heikkinen00a,
author = {A.~Heikkinen with K.~Banzuzi et al.},
title = {Performance and calibration studies of silicon strip detectors in a test beam},
institution = {CMS NOTE-2000/013},
year = {2000}
}
note = {{\it [CMS tracking software note later published in \cite{heikkinen00c}. 
Calibration of the detector response as well as on the geometric alignment of the detector planes.
\url{(http://cmsdoc.cern.ch/documents/00/note00_013.pdf)}]}}

9999999999999999999999999999999999999999999999999999999999999999999999999999

@TechReport{heikkinen99aNote,
author = {A.~Heikkinen with K.~Banzuzi et. al.},
title = {Performance and calibration studies of silicon strip detectors in a test beam},
institution = {HIP-1999-81 / EXP},
year = {1999}
}
note= {\url{(http://www.hip.fi/geant4/refsHeikkinen/heikkinen99aNote.pdf)}}

@Misc{heikkinen99n,
author = {A.~Heikkinen},
title = {Mathematica {M}onte {C}arlo simulation},
howpublished = {Mathematica notebook published in the web},
month = {April},
year = {1999},
note = {{\it [Educational approach to Mathematica Monte Carlo simulation. \url{(http://cmsdoc.cern.ch/~miheikki/tools/math/doc/MC.nb)}]}}}

@Misc{heikkinen99m,
author = {A.~Heikkinen},
title = {Mathematica {D}ata {A}nalysis},
howpublished = {Mathematica notebook published in the web},
month = {May},
year = {1999},
note = {{\it [Educational approach to Mathematica data-analysis. \url{(http://cmsdoc.cern.ch/~miheikki/tools/math/doc/dataAnalysis.nb)}]}}
}

@Misc{heikkinen99l,		  
author = {A.~Heikkinen},
title = {{SiBT} off-line program},
howpublished = {C++ source code, CERN},
year = {1999},
note = {{\it [Released as part of CMS experiment ORCA software.]}}
}

@Misc{heikkinen99k,
author = {A.~Heikkinen},
title = {The {C}ompact {M}uon {S}olenoid experiment for the {L}arge {H}adron {C}ollider},
howpublished = {Seminar given at the HIP collogium, University of Helsinki},
month = {February},
year = {1999},
note = {{\it [Topics: CMS computing.]}}
}

@Misc{heikkinen99j,
key = {},
author = {A.~Heikkinen},
title = {{CMS} {S}ilicon {T}racker project},
howpublished = {Poster presented at the European Shool of Physics in Slovakia},
month = {August},
year = {1999},
note = {{\it [Second presentation of poster]}}
}

@Misc{heikkinen99i,
author = {A.~Heikkinen},
title = {CMS {S}ilicon {T}racker project},
howpublished = {Talk given at the Europhysics Conference on High Energy Physics (EPS99), Tampere}, 
month = {June},
year = {1999},
note = {{\it [Topics: CMS tracker.]}}
}

@Misc{heikkinen99h,
author       = {A.~Heikkinen},
title        = {{HIP} software project at {CMS}},
howpublished = {Talk given at the Europhysics Conference on High Energy Physics (EPS99), Tampere},
month        = {June},
year         = {1999},
note         = {{\it [Dicussions on programming methods, UML and tools.]}}}

@ARTICLE{heikkinen99aPaper,
author  = {A.~Heikkinen with C.~Eklund et al.},
title   = {Silicon {B}eam {T}elescope for {CMS} {D}etector {T}ests},
journal = {Nucl. Instr. and Meth.},
volume  = {A},
number  = {430},
year    = {1999},
pages   = {321--332}
}
note= {\url{(http://www.hip.fi/geant4/refsHeikkinen/heikkinen99aPaper.pdf)}}

@ARTICLE{heikkinen99aProceedings,		  
author  = {A.~Heikkinen for the Geant4 Collaboration},
title   = {Geant4: an {O}bject-{O}riented {T}oolkit for {S}imulation in {H}igh {E}nergy {P}hysics},
journal = {Proceedings of the XXXIII Annual Conference of the Finnish Physical Society, 
           March 4-6 1999, Turku, Finland},
volume  = {TURKU-FL-L28},
year    = {1999},
pages   = {7.9},
}
note = {heikkinen99aProceedings.pdf}
 
Poster discussed Geant4 hadronic physics plug-and-play models.

@ARTICLE{heikkinen99bProceedings,		  
author = {A.~Heikkinen with M.~Haapakorpi et al.},
title = {Object {O}riented {R}econstruction and {A}nalysis for the {H}elsinki {B}eam {T}elescope},
journal = {Proceedings of the International Europhysics Conference on High Energy Physics, EPS99, Tampere, Finland, 15-21 July 1999},
volume ={IOP Publishing},
year = {1999},
}
note= {heikkinen99bProceedings.pdf, heikkinen99bProceedings.tar.gz}

@TechReport{heikkinen99cNote,
author = {A.~Heikkinen with M.~Haapakorpi et al.},
title = {New {O}bject {O}riented {S}oftware for {S}ilicon {B}eam {T}elescope},
institution = {(Unpublished)},
year = {1999}
}
note= {heikkinen97bNote.pdf}

Theory background for DALI
@TechReport{heikkinen99bNote,
author = {A.~Heikkinen and V.~Karimaki},
title = {Fine {C}alibration of {D}etector {P}ositions by {T}racks in {H}elsinki {S}ilicon {B}eam {T}elescope},
institution = {CMS NOTE-1999/029},
year = {1999}
}
note= {heikkinen97bNote.pdf}

@TechReport{heikkinen99b,
author = {A.~Heikkinen and V.~Karimaki},
title = {Fine {C}alibration of {D}etector {P}ositions by {T}racks in {H}elsinki {S}ilicon {B}eam {T}elescope},
institution = {HIP-1999-31 / EXP},
year = {1999}
}
note = {{\it [Theory background for DALI.]}}

@TechReport{heikkinen99a,
author = {A.~Heikkinen},
title = {Artificial {N}eural {N}etworks in {H}igh {E}nergy {P}hysics and in {S}econdary {V}ertex {D}etection},
institution = {University of Helsinki, Pro Gradu thesis, HIP-1999-06},
year = {1999}
}
note = {{\it [Institute note of the Pro Gradu work from the year 1997.]}}

9898989898989898989898989898989898989898989898989898989898989898989898989898

::: tarkista A.Heikkinen et al., Object Oriented Reconstruction and Analysis for
the Helsinki Silicon Beam Telescope, Proceedings of the XXXII| 
Annual Conference of the Finnish Physical Society.

@Misc{heikkinen98aReport,		  
author = {A.~Heikkinen with CMS collaboration},
title = {{CMS} -- {T}racker {T}echnical {D}esing {R}eport},
howpublished = {CERN/LHCC 98-6, CMS TDR 5},
month = {15 April},
year = {1998},
note = {\url{(heikkinen98aReport.pdf)}}
}


@Misc{heikkinen98h,		  
author = {A.~Heikkinen},
title = {Introduction to {CERN}/{CMS} computing environment},
howpublished = {(Unpublished)},
month = {July},
year = {1998},
note = {{\it [Educational software material for summer students trainees.]}}
}

@Misc{heikkinen98g,		  
author = {P.~Gr\"{o}nholm},
title = {Hadroniterapia mullistaa s\"{a}dehoidon.},
howpublished = {A. Heikkinen interviewed and consulted by the article author.},
month = {July},
year = {1998},
note = {{\it [Article describing hadrontherapy application of HEP published 26.7. in Finnish Newspaper Turun-Sanomat.]}}
}

@Misc{heikkinen98f,		  
author = {P.~Gr\"{o}nholm},
title = {Maailmankaikkeuden syntyteoria koetuksella.},
howpublished = {Interview and consultance given to article.},
month = {November},
year = {1998},
note = {{\it [Article describing CERN and application of HEP published 29.11. in Finnish Newspaper Turun-Sanomat.]}}
}

@TechReport{heikkinen98dNote,
author = {A.~Heikkinen},
title = {Secondary {V}ertex {D}etection {U}sing {N}eural {A}lgorithms},
institution = {HIP-1998-04},
year = {1998}
}
note = {heikkinen98dNote.pdf}

@TechReport{heikkinen98cNote,
author = {A.~Heikkinen},
title = {Artificial {N}eural {N}etworks in {H}igh {E}nergy {P}hysics},
institution = {HIP-1998-03},
year = {1998}
}
note = {heikkinen98cNote.pdf}

@Misc{heikkinen98bProceedings,		  
author       = {A.~Heikkinen et al.},
title        = {Computing revolution in {H}igh {E}nergy {P}hysics, 
               {I}mposed by the {N}eeds of the {CMS} {E}xperiment at the {CERN} {L}arge {H}adron {C}ollider},
howpublished = {In Proceedings of the XXXII Annual Conference of the Finnish Physical Society},
month        = {March},
year         = {1998},
}
note = {heikkinen98bProceedings.pdf}
Topics: OO programming and Geant4 hadronic processes framework.

@ARTICLE{heikkinen98aProceedings,		  
author  = {A.~Heikkinen with C.~Eklund et al.},
title   = {New {H}elsinki {S}ilicon {B}eam {T}elescope for {CMS} {D}etector {T}ests},
journal = {In Proceedings of the XXXII Annual Conference of the Finnish Physical Society, 
           March 19-21, 1998, Tampere},
number  = {Report 1},
year    = {1998},
pages   = {5.1}
}
notes = {{\it [Topics: SiBT in CMS H2 testbeam. Presented as talk by H. Saarikoski.]}}

@ARTICLE{heikkinen98a,		  
author = {A.~Heikkinen et al.},
title = {Computing revolution in {H}igh {E}nergy {P}hysics, 
{I}mposed by the {N}eeds of the {CMS} {E}xperiment at the {CERN} {L}arge {H}adron {C}ollider},
journal = {In Proceedings of the XXXII Annual Conference of the Finnish Physical Society, 
           March 19-21, 1998, Tampere},
number ={Report 1},
year = {1998},
pages = {5.7},
notes = {{\it [Topics: computing in LHC experiments, especially CMS, OO technology.]}}
}

9797979797979797979797979797979797979797979797979797979797979797979797979797

@Misc{heikkinen97dReport,		  
author = {A.~Heikkinen with CMS collaboration},
title = {{CMS} -- {T}he {E}lectromagnetic {C}alorimeter {T}echnical {D}esing {R}eport},
howpublished = {CERN/LHCC 97-33, CMS TDR 4},
month = {15 December},
year = {1997},
note = {\url{(heikkinen97dReport.pdf)}}
}


@Misc{heikkinen97cReport,		  
author = {A.~Heikkinen with CMS collaboration},
title = {{CMS} -- {T}he {M}uon {P}roject {T}echnical {D}esing {R}eport},
howpublished = {CERN/LHCC 97-32, CMS TDR 3},
month = {15 December},
year = {1997},
note = {\url{(heikkinen97cReport.pdf)}}
}

@Misc{heikkinen97bReport,		  
author = {A.~Heikkinen with CMS collaboration},
title = {{CMS} -- {T}he {H}adron {C}alorimeter {T}echnical {D}esing {R}eport},
howpublished = {CERN/LHCC 97-31, CMS TDR 2},
month = {20 June},
year = {1997},
}
note = {\url{(heikkinen97bReport.pdf)}}

@Misc{heikkinen97aReport,		  
author = {A.~Heikkinen with CMS collaboration},
title = {{CMS} -- {T}he {C}ompact {M}uon {S}olenoid},
howpublished = {Experim. CERN (1997) pp. 352--367},
}

@ARTICLE{heikkinen97bNote,		  
author = {A.~Heikkinen et al.},
title = {Beam test results of the {S}ilicon {B}eam {T}elescope ({S}i{BT}) at the {CMS}-{H}2 experiment},
journal = {HU-SEFT I 1997-25 / EXP},
year = {1997},
}
note= {\url{(http://www.hip.fi/geant4/refsHeikkinen/heikkinen97bNote.pdf)}},

@Misc{heikkinen97d,		  
author = {A.~Heikkinen},
title = {{SiBT} on-line program},
howpublished = {Fortran source code, CERN},
year = {1997},
}

@Misc{heikkinen97c,		  
author = {A.~Heikkinen},
title = {New {O}nline {M}onitoring {P}rogram at the {CMS-H2} {T}est {B}eam for the {S}ilicon {B}eam {T}elescope},
howpublished = {Talk given at the CMS Software Week, CERN (Unpublished)},
year = {1997},
}

@ARTICLE{heikkinen97aNote,		  
author = {C.~Eklund et al.},
title = {New {H}elsinki {S}ilicon {B}eam {T}elescope for {CMS} {D}etector {T}ests},
journal = {HIP-1997-72-EXP},
year = {1997},
}
note= {\url{(http://www.hip.fi/geant4/refsHeikkinen/heikkinen97aNote.pdf)}}

@TechReport{heikkinen97a,
author = {A.~Heikkinen},
title = {Artificial {N}eural {N}etworks in {H}igh {E}nergy {P}hysics and in {S}econdary {V}ertex {D}etection},
institution = {University of Helsinki, Pro Gradu, (Unpublished)},
year = {1997}
}
note = {\url{(http://cmsdoc.cern.ch/~miheikki/homepage/cv/archive/proGraduThesis.pdf)}}

9696969696969696969696969696969696969696969696969696969696969696969696969696

interview in enlectronic newspaper PING / CultNet Finland at
http://ping.cultnet.fi/.

@ARTICLE{heikkinen96g,		  
author = {A.~Heikkinen},
title = {Track reconstruction using neural netwoks in an array of silicon strip detector},
journal = {HU-SEFT I 1996-05},
year = {1996},
}
note = {{\it [Note based on assignment in 'Laboratory-work II'-course. 
Simple silicon wafer telescope tracker simulation (Coded with MATLAB and Fortran) 
demonstrates the usability of NN metod in tracking. 
Also, some Geant3 based geometries of SiBT are presented.]}}

@Misc{heikkinen96f,		  
author = {A.~Heikkinen},
title = {Lineaaristen ylt\"{a}l\"{o}ryhmien ratkaiseminen {M}onte {C}arlo-menetelm\"{a}ll\"{a}},
howpublished = {Special assignment in 'Physics Simulation Methods'-course. (In Finnish, unpublished)},
month = {May},
year = {1996},
note = {{\it [Title in english: 'Solving groups of linear equations with Monte Carlo- method']}}
}

@Misc{heikkinen96e,		  
author = {A.~Heikkinen},
howpublished = {MATLAB code for neural network based trackfinding. (Unpublished)},
year = {1996},
note = {{\it [Part of my Pro Gradu work.]}}
}

@Misc{heikkinen96d,		  
author = {A.~Heikkinen},
title = {{SEFT} homepage},
howpublished = {SEFT www pages updated},
year = {1996},
note = {{\it [Acted as webmaster for SEFT.]}}
}

@ARTICLE{heikkinen96c,		  
author = {A.~Heikkinen et al.},
title = {Beam test results of the {S}ilicon {B}eam {T}elescope ({S}i{B}{T}) at the {C}{M}{S}-{H}2 experiment},
journal = {HU-SEFT I 1996-06},
year = {1996},
}
	
@ARTICLE{heikkinen96b,		  
author = {A.~Heikkinen},
title = {High {E}nergy {P}hysics {S}imulation {P}ackage {GEANT}},
journal = {HU-SEFT I 1996-03},
year = {1996},
note = {{\it [Pedagogical introduction and electromagnetic cascade example.]}}
}
  
Is to capitalise the letters
My firs independent note
@ARTICLE{heikkinen96aNote,	
author = {A.~Heikkinen},
title = {New {O}nline {M}onitoring {P}rogram at the {C}{M}{S}-{H}2 Test Beam for the {S}ilicon {B}eam {T}elescope},
journal = {HU-SEFT RD 1996-02},
year = {1996},
}
note= {\url{(http://www.hip.fi/geant4/refsHeikkinen/heikkinen96aNote.pdf)}}
url = {http://www.hip.fi/geant4/refsHeikkinen/heikkinen96aNote.pdf},

9595959595959595959595959595959595959595959595959595959595959595959595959595959595959595959

@Misc{heikkinen95a,		  
author = {A.~Heikkinen},
title = {Hermoverkoista},
howpublished = {Seminar given at Physics Department, University of Helsinki, (In finnish, unpublished)},
year = {1995},
note = {{\it [Laudatur seminar 'On Neural Networks', describing pro gradu work background of NN usage in physics. Introduction to similarites of action NNs and ANNs. ]}}
}

9494949494949494949494949494949494949494994949499494949494949494949494949949494949494949494

@Misc{heikkinen94a,		  
author = {A.~Heikkinen},
title = {{AI} for {A}stronomy},
howpublished = {Seminar given at Department of Astronomy, University of Helsinki, (Unpublished)},
year = {1994},
note = {{\it [Practical demonstration of artificial intelligence usage in astronomy.]}}
}

9393939393939393939393939393939393939393939393939393939393993939393939393939399393939393939

@Misc{heikkinen93b,		  
author = {A.~Heikkinen},
howpublished = {Hypercard based software to simulate asteroid lightcurves. Department of Astronomy, University of Helsinki, (Unpublished)},
year = {1993},
note = {{\it [This project was never finshed.]}}
}

@Misc{heikkinen93a,		  
author = {A.~Heikkinen},
title = {Curve {F}itting},
howpublished = {Mathematica notebook and documentation for asteroid ligthcurve fitting. Department of Astronomy, University of Helsinki, (Unpublished)},
year = {1994},
note = {{\it [At this time I was working with K.~Lumme at Solar system group. 
An inversion problem of determining  the asteroid shape from the lightcurve data was studied.]}}
}

92929292929292929292929292929292929292929292929292929292929292929292929292929292929292929292

@Misc{heikkinen92a,		  
author = {A.~Heikkinen},
title = {Detecting {G}ravitational {W}aves},
howpublished = {Seminar given in Cosmology Course, Physics Department, University of Helsinki, (Unpublished)},
year = {1992},
}

91919191919191919191919191919191919191919191919191919191919191919191919191919191919191919191

@Misc{heikkinen91a,		  
author = {A.~Heikkinen},
title = {},
howpublished = {Hypercard based software tool for dimensional analysis,  Dimensional Analysis course, Physics Department, University of Helsinki, (Unpublished)},
year = {1991},
}

90909090909090909090909090909090909900909090909090909090909009090909090909090909090909090909

@Misc{heikkinen90b,		  
author = {A.~Heikkinen},
title = {Malli {K}ertym\"{a}kiekolle {M}ustan {A}ukon Ymp\"{a}rill\"{a}},
howpublished = {Special assignment paper 'A Model for Accregation disk Around Black Hole' and presentation made at Department of Astronomy, University of Helsinki, (In finnish, unpublished)},
year = {1990},
note = {{\it [Independent atronomy work made with assistance of  O.~Vilhu.]}}
}

@Misc{heikkinen90a,		  
author = {A.~Heikkinen},
title = {Exercises for the mathematical methods for astronomy -course, Department of astronomy, University of Helsinki},
howpublished = {(Unpublished)},
year = {1990},
note = {{\it Made and kept exercises. Symbolic computing tool REDUCE was also used.}} }

89898989898989898989898898989898989898989898989898989898998989989899898989898989989899898989

88888888888888888888888888888888888888888888888888888888888888888888888888888888888888888888

87878787878787878787878787878878787878787878787878878787878788787878788787878878787878788787

@Misc{heikkinen87a,		  
author = {A.~Heikkinen},
title = {Direction of {T}ime :::},
howpublished = {Special assignment to proof language skill at Physics Department, University of Helsinki, (Unpublished)},
year = {1994},
note = {{\it [Independent study of general aspects of time direction]}}
}
heikkinenheikkinenheikkinenheikkinenheikkinenheikkinenheikkinenheikkinenheikkinenheikkinen

// abbreviations	  
@string{PRC ={Physical Review C}}

the talks given by me (CV material)(Note: our group talks are asked for Geant4 purposes)
Bibliographical entries are organized to alphabtical order according to first author

@preamble("
  \providecommand{\url}[1]{#1}
  ")

@ARTICLE{bacchetta93,
author =       {N. Bacchetta and D. Bisello and others},
title =        {Artikkeli::: of silicon ac-coupled microstrip detectors induced by radiation},
journal =      {{IEEE} {T}ransactions on nuclear science},
year =         1993,
volume =       40,
number =       6,
month =        {December},
pages =        {2001-2007} 
}

@INPROCEEDINGS{lep99,
author = 	 {ALEPH, DELPHI, L3 and OPAL Collaborations, The LEP working group for Higgs boson searches},
title = 	 {Searches for Higgs bosons: Preliminary combined results from the four LEP experiments at $\sqrt{s}\approx 189~\mbox{GeV}$},
booktitle = 	 {Proceedings of International Europhysics Conference High Energy Physics 99, Tampere, Finland},
crossref =  {bacchetta93},
year =	 {1999},
month =	 {July},
}

@ARTICLE{lefebure99,
author =       {V\'eronique Lef\'ebure},
title =        {Simulation of the {CMS} {HCAL} test-beam setup {H}2-1996 with {G}eant4},
journal =      {{CMS} {I}nternal {N}ote},
year =         {1999},
}
		  
@TECHREPORT{alice95,
author =       {The ALICE Collaboration},
title =        {Techreport - Technical Proposal for {A} {Large} {Ion} {Collider} {Experiment} at the {CERN} {LHC} },
institution =  {CERN/LHCC},
year =         1995,
number =       {95-71},
month =        {December} 
}
		  
@TECHREPORT{alice95b,
author =       {The ALICE Collaboration},
title =        {Raportti ALICE - Technical Proposal for {A} {Large} {Ion} {Collider} {Experiment} at the {CERN} {LHC} },
institution =  {CERN/LHCC},
year =         {1995} 
}



@TECHREPORT{cmsproposal94,
author = 	 {The CMS Collaboration},
title = 	 {CMS Technical Proposal},
institution =  {CERN/LHCC 94-38},
year = 	 {1994} 
}

@TECHREPORT{cmshcal97,
author =       {The CMS Collaboration},
title =        {CMS HCAL Technical Design Report},
institution =  {CERN/LHCC},
year =         {1997},
number =       {97-31},
month =        {December} 
}
		  
@ARTICLE{armstrong72,
author  = 	 {T.~W.~Armstrong and K.~C.~Chandler},
journal = 	 {Nucl. Sci. Engr.},
year    = 	 {1972},
volume  =	 {49},
number  =	 {110},
}

@ARTICLE{alsmiller90,
author  = 	 {R.~G.~Alsmiller and F.~S.~Alsmiller and O.~W.~Hermann},
title   = 	 {The high-energy transport code {HETC88} and comparisons with experimental data},
journal = 	 {Nucl. Instr. and Meth.},
year    = 	 {1990},
volume  =	 {A},
number  = 	 {295},
pages   =	 {337-343},
} 

@ARTICLE{babbage93,		  
author = {Wayne S. Babbage, Lee F. Thompson},
title = {The use of Neural Networks in $\gamma-\phi^0$ discrimination},
journal = {Nucl. Instr. and Meth.},
volume = {A},
number = {330},
year = {1993},
}

@ARTICLE{pdg98,
author = {Particle Data Group},
title = {Review of Particle Physics},
journal = {Eur. Phys. J. C},
number = {3},
year = 1998,
PAGES = {1-794} 
}

@BOOK{bock98,
author = 	 {Bock R.K., Vasilescu A.},
title = 	 {The Particle Detector BriefBook},
publisher = 	 {Springer-Verlag},
year = 	 {1998}
}

@ARTICLE{bencze96,		  
author = {Gy. L. Bencze et al.},
journal = {Nucl. Instr. and Meth.},
volume = {A},
number = {368},
year = {1996},
}

@ARTICLE{bernardini52a,		  
author = {G.~Bernardini,  E.~T.~Booth, and S.~J.~Lindenbaum},
title = {The {I}nteractions of {H}igh {E}nergy {N}ucleons with {N}uclei. {I}{I}},
journal = {Phys. Rev.},
volume = {88},
number = {5},
year = {1952},
pages = {1017-1026} 
}

@ARTICLE{bertini68a,	
author = {M.~P.~Guthrie, R.~G.~Alsmiller, and H.~W.~Bertini},
journal = {Nucl. Instr. and Meth},
number = {66},
year = {1968},
pages = {29}, 
} 
Original publication in HETC
		 		  
@ARTICLE{bertini69a,
author  = {H.~W.~Bertini},
title   = {Intranuclear-{C}ascade {C}alculation of the {S}econdary {N}ucleon {S}pectra 
          from {N}ucleon-{N}ucleus {I}nteractions 
          in the {E}nergy {R}ange 340 to 2900 {M}e{V} and {C}omparisons with {E}xperiment},
journal = {Phys. Rev.},
volume  = {188},
year    = {1969},
pages  = {1711} 
}

@ARTICLE{bertini71a,	
author = {H. W. Bertini and P. Guthrie},
title = {Results from {M}edium-{E}nergy {I}ntranuclear-{C}ascade {C}alculation},
journal = {Nucl. Phys.},
volume = {A},
number = {169},
year = {1971},
}
note = { {\it (Background information for the HETC Bertini cascade)}} 		  

@ARTICLE{billoir72,
author = {P.Billoir, S. Qian},
title = {Simultaneus Pattern Recognation and Track Fitting by the Kalman Filterin Method},
journal = {Nucl. Instr. and Meth.},
volume = {A},
number = {294},
year = {1990},
pages = {219-228} 
}
		  
@ARTICLE{billoir90,
author = {P.Billoir, S. Qian},
title = {Further Tests for the Simultaneus Pattern Recognation and Track Fitting by the Kalman Filterin Method},
journal = {Nucl. Instr. and Meth.},
number = {A295},
year = {1990},
pages = {492-500} 
}

@ARTICLE{bishop94a,
author = {C.~M.~Bishop},		  
title   = {Neural networks and their applications},
journal = {Rev. Sci. Instrum.},
volume  = {65},
number  = {6},
year    = {1994},
pages   = {1803-1831} 
}
		   
@BOOK{bishop95a,
author    = {C.~M.~Bishop},
title     = {Neural {N}etworks for {P}attern {R}ecognition},
year      = {1995},
publisher = {Clarendon Press, Oxford} 
}

@ARTICLE{blankenbecler94,		  
author  = {R.~Blankenbecler},
title   = {Deformable templates - revisited and extended - with an {OOP} implementation},
journal = {Comp. Phys. Commun.},
volume  = {81},
year    = {1994},
pages   = {318-334} 
}
		  
@BOOK{blatt52,
author = 	 {J. Blatt and V. Weisskopf},
title = 	 {Theoretical Nuclear Physics},
publisher = 	 {Wiley \& Sons},
year = 	 {1952}
}

@BOOK{booch94,
author = 	 {G. Booch},
title = 	 {Object-Oriented Analysis and Design with Application},
publisher = 	 {The Benjamine/Cummings},
year = 	 {1994}
}

@ARTICLE{brau92a,
author = 	 {J.~E.~Brau},
title = 	 {Simulation of hadronic showers and calorimeters},
journal = 	 {Nucl. Instr. and Meth.},
year = 	         {1992},
volume =	 {A},
number =	 {312},
pages =	         {483-514},
note = 	 {}
}

@BOOK{collins84,
author = 	 {P.D.B. Collins, A. D. Martin},
title = 	 {Hadron Interactions},
publisher = 	 {Adam Hilger LTD},
year = 	 {1984}
}

@ARTICLE{cameron57,
  author = 	 {A. G. W. Cameron},
  title = 	 {A {R}evised {S}emiempirical {A}tomic {M}ass {F}ormula},
  journal = 	 {Canadian Journal of {P}hysics},
  year = 	 {1957},
  volume = 	 {35},
}

@ARTICLE{ameron58,
  author = 	 {A. G. W. Cameron},
  title = 	 {Nucler Level Spacings},
  journal = 	 {Canadian Journal of Physics},
  year = 	 {1958},
  volume = 	 {36},
}

@INPROCEEDINGS{ginneken78,
author = 	 {A. Van Ginneken},
title = 	 {Calculation of the average properties of hadronic cascades at high energis (CASIM)},
booktitle = 	 {Computer Techniques in Radiation Transport and Dosimetry},
crossref =  {cernfoto87},
year = 	 {1978},
editor = 	 {W. Nelson and T. Jenkins},
}

@BOOKLET{cernfoto87,
title = 	 {C{E}{R}{N} {P}hoto},
author = 	 {CERN},
month = 	 {January},
year = 	 {1987},
note = 	 {CERN-SI-8701973}
}

@TECHREPORT{cmscomputing96,
author =       {The CMS Collaboration},
title =        {CMS Computing Technical proposal},
institution =  {CERN/LHCC},
year =         1996,
number =       {96-45},
month =        {December}
}
		  
@TECHREPORT{cmstracker98,    
author =       {The CMS Collaboration},
title =        {{CMS} - {T}he {T}racker {P}roject},
institution =  {CERN/LHCC},
year =         1998,
number =       {98-06},
month =        {April} 
}
		  		  		  
@ARTICLE{dostrovsky59,
author  = 	 {I. Dostrovsky, Z. Zraenkel and G. Friedlander},
title   = 	 {Monte {C}arlo {C}alculations of {H}igh-{E}nergy {N}uclear {I}nteractions. {I}{I}{I}: {A}pplication to {L}ow-{E}nergy {C}alculations},
journal = 	 {Physical Review},
year    = 	 {1959},
volume  = 	 {116},
number  = 	 {3},
pages   = 	 {683--702},
month   = 	 {November},
}

@ARTICLE{dostrovsky60,
author  = 	 {I. Dostrovsky and Z. Fraenkel and P. Rabinowitz},
title   = 	 {Monte {C}arlo {C}alculations of {N}uclear {E}vaporation {P}rocesses. {V}: {E}mission of {P}articles {H}eavier {T}han $^4${H}e},
journal = 	 {Physical Review},
year    = 	 {1960},
}

@TECHREPORT{eklund95,		  
author = {C. Eklund and E. Pietarinen},
title = {Read-out cross interface for high speed data acquisition applications},
journal = {Report Series HU-SEFT},
year = {1995} 
}
		  
@BOOK{gamma97,
author = {Erich Gamma and Richard Helm and Ralph Johnson and John Vlissides},
title = {Design Patterns},
year = 1997,
publisher = {Wiley} 
}

@INCOLLECTION{fabjan82,
author = 	 {C. W. Fabjan and T. Ludlam},
title = 	 {Calorimetry in {H}igh-{E}nergy {P}hysics},
booktitle = 	 {Annual Review of Nuclear and Particle Science},
pages = 	 {335-389},
publisher =	 {Annual Reviews Inc.},
year =	 {1982},
editor =	 {J. D. Jackson and H. E. Gove and R. F. Schwitters},
}

@INPROCEEDINGS{ferrari96,
author = 	 {A. Ferrari and P. Sala},
title = 	 {The Physics of High Energy Reactions},
booktitle = 	 {Proceedings of the Workshop on Nuclear Reaction Data and Nucleaer Reactors Physics, Design and Safety},
year =	 {1996},
}
		  
@BOOK{frauenfelder74,
author = 	 {H. Frauenfelder and E. Henley},
title = 	 {Subatomic Physics},
publisher = 	 {Prentice-Hall},
year = 	 {1974},
}

@ARTICLE{fruhwirth90,		  
author = {R. Fr\"uhwirth},
title = {Application of Kalman filtering to track and vertex fitting},
journal = {Nucl. Instr. and Meth.},
volume = {A},
number = {294},
year = {1990},
pages = {219-228} 
}

@MANUAL{geant94,
title = 	 {Geant Detector Description and Simulation Tool},
organization = {CERN Program Library Long Writeup},
edition =	 {W5013},
 year =	 {1994},
}

@BOOKLET{g4web,
title = 	 {Geant4 Collaboration Web page},
author = 	 {Geant4 Collaboration},
howpublished = {http://wwwinfo.cern.ch/asd/geant4/geant4.html},
}

@BOOKLET{g4manual99,
title = 	 {Geant4 Physics Reference Manual},
author = 	 {Geant4 Collaboration},
howpublished = {Available at http://wwwinfo.cern.ch/asd/geant4/G4UsersDocuments/Overview/html/index.html},
month = 	 {December},
year = 	 {1999},
}

@BOOK{amako98,
author = 	 {K. Amako, G. Ballocchi, P. Urban and S. Giani},
title = 	 {Geant4, {O}{O} {T}oolkit for {P}article {D}etector Simulation, User Requirements Document},
publisher = 	 {CERN},
year = 	 {1998}
}

@BOOK{cowan98,
author = {Glen Cowan},
title = {Statistical Data Analysis},
publisher = {Oxford Science Publications},
year = {1998}
}
		  
@ARTICLE{gyulassy91,
author = {Miklos Gyulassy and Magnus Harlander},
title = {Elastic tracking and neural network algorithms for complex pattern recognition},
journal = {Comp. Phys. Commun.},
number = {66},
year = {1991},
pages = {31-46} 
}

@INPROCEEDINGS{armstrong78b,
author = 	 {T.W. Armstrong},
title = 	 {Introduction to Hadronic Cascades},
booktitle = 	 {Computer Techniques in Radiation Transport and Dosimetry},
year = 	 {1978},
editor = 	 {W. Nelson and T. Jenkins},
publisher = {Plenum Press},
}

@ARTICLE{hofstadter56,
author = 	 {R. Hofstadter},
journal = 	 {Rev. Mode. Phys.},
year = 	 {1956},
}

@BOOK{quarksLeptons,
author = 	 {F. Halzen \& A. Martin},
title = 	 {Quarks \& Leptons: an Introductory Course in Modern Particle Physics},
publisher = 	 {Wiley \& Sons},
year = 	 {1984}
}
		  
@BOOK{hertz91,
author = {John Hertz, Anders Krogha, Richard G. Palmer},
title = {Theory of Neutral Computation},
year = 1991,
publisher = {Addison-Wesley} 
}

@INPROCEEDINGS{armstrong78,
author = 	 {T.W. Armstrong},
editor = 	 {W. Nelson and T. Jenkins}, 
title = 	 {The Intranuclear-Cascade-Evaporation Model},
booktitle = 	 {Computer Techniques in Radiation Transport and Dosimetry},
pages =	 {311q},
year = 	 {1978}
}

@BOOK{karimaki93,
author = {V. Karim\"aki},
title = {Monte Carlo Menetelm\"at},
year = {1993},		  
publisher = {Helsinki University} 
}
		  
@ARTICLE{karimaki98,
author = {V. Karim\"aki},
title = {Three Dimensional Track Fit for Helsinki SiBT},
journal = {(Unpublished)},
year = {1998},
note={{\it [SiBT trackfitting described]}} 
}	
		  
@ARTICLE{kalman60,
author = {R. E. Kalman},
title = {A new approach to linear filtering and prediction problems},
journal = {Journal of Basic Engineering},
year = {1960},
pages = {35-45} 
}

@MASTERSTHESIS{lassila91,
author = 	 {Kati Lassila},
title = 	 {Simulation of Hadronic Cascades with Geant},
school = 	 {Helsinki University of Technology},
year = 	 {1991}
}

@BOOK{lux91,
author = 	 {I. Lux and L. Koblinger},
title = 	 {Monte Carlo Particle Transport Methods : Neutron and Photon Calculations},
publisher = 	 {CRC Press},
year = 	 {1991}
}

@MASTERSTHESIS{lampen00a,
author = 	 {Tapio Lamp\'{e}n},
title = 	 {Simulation of Nuclear Evaporation Processes in Hadronic Cascades Using Geant4 Software},
school = 	 {Helsinki University of Technology},
year = 	 {2002}, 
note = {Masters thesis on HETC evaporation model translated for {\sc Geant4} usage.}
}

@TECHREPORT{lampen99,
author =       {Lamp\'en Tapio},
title =        {Simulation {S}tudies of {N}eutron {R}adiation from a {D}euterium {R}adiated {B}lock {U}sing {G}eant4},
institution =  {HUT},
year =         {1999} 
}

@TECHREPORT{lhc95,
author =       {The LHC Study Group},
title =        {LHC Conceptual design},
institution =  {CERN/AC},
number =       {95-05},
month =        {October}, 
year =         {1995}
}
		  
@MANUAL{lhc++98,
title =        {LHC++ C++ libraries for HEP},
organization = {CERN},
year =         {1998}
}

@BOOK{martin97,
author    = {B.~R.~Martin, G.Shaw},
title     = {Particle Physics},
year      = {1997},
publisher = {John Wiley \& Sons LTD} 
}

@ARTICLE{metropolis58,
author  = 	 {N.~Metropolis, R.~Bibins, and M.~Storm},
title   = 	 {Monte {C}arlo {C}alculations on {I}ntranuclear {C}ascades. 
                  {I}. {L}ow-{E}nergy {S}tudies},
journal = 	 {Physical Review},
year    = 	 {1958},
volume  =	 {110},
pages   =	 {185},
}

@TECHREPORT{g495,
author =       {The RD44 Collaboration},
title =        {Memorandum of {U}nderstanding for {C}ollaboration in the {Production} {S}ervice of the {G}eant4 {S}oftware},
institution =  {http://wwwinfo.cern.ch/asd/geant/geant4\_public/mou/MOU.html},
year =         {1995},
month =        {December} 
}
		  
@BOOK{muller97,
author = {Pierre-Alain Muller},
title = {Instant UML},
year = {1997},
publisher = {Wrox Press LTD} 
}

@INPROCEEDINGS{nelson80,
title = 	 {Computer {T}echniquees in {R}adiation {T}ransport and {D}osimetry},
editor = 	 {W.R. Nelson and T. M. Jenkins},
publisher = {Plenum Press},
year = 	 {1980}
}

@BOOK{hetc77,
title = 	 {HETC Monte Carlo High-Energy Nucleon-Meson Transport Code},
publisher = 	 {Oak Ridge National Laboratory Radiation Shielding Information Center},
year = 	 {1977},
key = 	 {CCC-178},
note =	 {{\it (RSIC Computer Code Collection)}}
}

@MANUAL{objectivity96,
title =        {Objectivity Technical Overview},
organization = {Objectivity Inc},
year =         {1996} 
}
		  
@ARTICLE{ohlsson92,		  
author = {Matias Ohlsson, Carsten Peterson},
title = {Track finding with deformable templates - the elastic arms approach},
journal = {Comp. Phys. Commun.},
number = {71},
year = {1992},
pages = {77-98} 
}
		  
@ARTICLE{ohlsson93,		  
author = {Matias Ohlsson},
title = {Extensions and explorations of the elastic arms algorithm},
journal = {Comp. Phys. Commun.},
volume = {77},
number = {2},
year = 1993,
pages = {19-32} 
}
	  
@TECHREPORT{parviainen98,
author =       {Tomi Parviainen},
title =        {Two Dimensional Track Finding in Helsinki Silicon Beam Telescope},
journal= {TKKK spesial assignment},
year =         {1998}
}
		  
@ARTICLE{yepes97,		  
author = {Pablo Yepes},
title = {A Fast Track Finder},
journal = {International Conference on Computing in HEP},
number = {A 123},
pages = {1-3},
year = {1997} 
}

@INPROCEEDINGS{ranft80,
author = 	 {J. Ranft},
title = 	 {Particle Prodution Models},
editor = 	 {W. R. Nelson and T. M Jenkins},
booktitle = 	 {Computer Techniques in Radiation Transport and Dosimetry},
publisher = {Plenum Press},
year = 	 {1980},
}

@BOOK{rumbaugh91,
author = {James Rumbaugh and Michael Blaha and William Premerlani and Frederick
		  Eddy and William Lorenson},
title = {Object-Oriented Modeling and Design},
year = 1991,
publisher = {Prentice Hall} 
}
		  
@MANUAL{rose96,
title =        {A Rational Approach to Software Development using Rose 4.0},
organization = {Rational Software {Cor.}},
year =         {1996} 
}

@ARTICLE{shapiro53,
author = 	 {M. Shapiro},
title = 	 {Cross Sections for the Formation of the Coumpound Nucleus by Charged Particles},
journal = 	 {Physical Review},
year = 	 {1953},
volume =	 {90},
month =	 {April},
}

Kari Skog
@BOOK{skog97,
author = {K.~Skog},
title = {Silicon Strip Detectors for Compact Muon Solenoid},
publisher = {Helsinki University of Technology},
year = {1997} 
}

@ARTICLE{sternheimer61,
author = 	 {R.M. Sternheimer and S.J. Lindenbaum},
title = 	 {Extension of the Isobaric Nucleon Model for Pion Production in Pion-Nucleon, Nucleon-Nucleon, and Antinucleon-Nucleon Interactions},
journal = 	 {Phys. Rev.},
volume = 	 {123},
pages = 	 {333},
month = 	 {July},
year = 	 {1961}
}

@BOOK{stroustrup97,
author = {Bjarne Stroustrup},
title = {C++ Programming Language},
year = 1997,
publisher = {Addison-Wesley Publishing Company} 
}

@ARTICLE{chen68,
author = 	 {K. Chen and Z. Fraenkel and G. Friedlander and J.R. Grover and J.M. Miller and Y. Shimamoto},
title = 	 {VEGAS: A Monte Carlo Simulation of Intranuclear Cascades},
journal = 	 {Physical Review},
year = 	 {1968},
volume =	 {166},
number =	 {4},
pages =	 {949-968},
month =	 {February}
}

@TECHREPORT{virdee92,
author      =  {C.Seez and T.S.Virdee},
title       =  {Detection of an {I}ntermediate {M}ass {H}iggs {B}oson at {LHC} 
                via its {T}wo {P}hoton {D}ecay {M}ode},
institution =  {CMS TN/92-56},
year        =  {1992}
}
		  
@MANUAL{zebra95,
title =        {Overview of ZEBRA system},
organization = {CERN},
year =         {1995}
}


aaaaaaaaaaaaaaaaaaaaaaaaaaaaaaaaaaaaaaaaaaaaaaaaaaaaaaaaaaaaaaaaaaaaaaaaaaa
Detailed HCAL description
@ARTICLE{abramov01aPaper,		  
author  = {V.~V.~Abramov et al.},
title   = {Studies of the response of the prototype {CMS} hadron calorimeter, 
         including magnetic field effects, to pion, electron, and muon beams},
journal = {Nucl. Instr. and Meth.},
volume  = {A},
number  = {457},
year    = {2001},
pages   = {75--100} 
}
note    = {abramov01aPaper.pdf}

@ARTICLE{ackerstaff02,		  
author = {K.~Ackerstaff et al.},
title = {A hadron-nucleus collision event generator for simulations at intermediate energies},
journal = {Nucl. Instr. and Meth.},
volume = {A},
number = {491},
year = {2002},
pages = {492-506} 
}


@ARTICLE{afanasiev99a,		  
author = {S.~Afanasiev et al.},
journal = {Nucl. Instr. and Meth.},
volume = {A},
number = {430},
year = {1999},
pages = {210} 
}

@ARTICLE{alekhin87a,	
author  = {S.~I.~Alekhin et al.},
title   = {Compilation of {C}ross-{S}ections {IV}: $\gamma$, $\Nu$, {$\Lambda$}, {$\Sigma$}, {$\Xi$}, 
           and $\mathrm{K^0_L}$ {I}nduced {R}eactions},
journal = {CERN-HERA},
volume  = {87-01},
year = {1987},
}

@ARTICLE{aleksandryan00a,		  
author = {V. Aleksandryan et al.},
journal = {Nuclear Physics},
volume = {A},
number = {674},
year = {2000},
pages = {539--549} 
}

@ARTICLE{allison08a,
author  = {J.~Allison et al.},
title   = {The {G}eant4 {V}isualisation {S}ystem},
journal = {Comp. Phys. Commun.},
volume  = {178},
number  = {5},
year    = {2008},
pages   = {331--365},
note = {{\sf [doi:10.1016/j.cpc.2007.09.010]}}, 
}

Computer Physics Communications
Volume 178, Issue 5, 1 March 2008, Pages 331-365
J. Allison et al. The Geant4 Visualisation System
doi:10.1016/j.cpc.2007.09.010    (quaranteed link)

@ARTICLE{alvarezruso98a,
author  = {L.~Alvarez-Ruso et al.},
title   = {Theoreticl study of the $NN\rightarrow NN\pi\pi$ reaction},
journal = {Nucl. Phys.},
year    = {1998},
volume  = {A},
number  = {633},
pages   = {519--543}
}

@ARTICLE{alverson04a,
author  = {G.~Alverson et al.},
title   = {{IGUANA}: a high-performance {2D} and {3D} visualisation system},
journal = {Nucl. Instr. and Meth.},
year    = {2004},
volume  = {A},
number  = {534, Issues 1-2},
pages   = {143--146},
note = {{\sf [doi:10.1016/j.nima.2004.07.036]}}, 
}

G. Alverson et al.: IGUANA: a high-performance 2D and 3D visualisation system
Nuclear Instruments and Methods in Physics Research Section A: 
Accelerators, Spectrometers, Detectors and Associated Equipment, 
Volume 534, Issues 1-2, 21 November 2004, Pages 143-146
doi:10.1016/j.nima.2004.07.036

@TECHREPORT{amelin99a,
author = {N.~Amelin},
title = {Physics and algorithms of the hadronic monte-carlo event generators - notes for a developer},
institution = {CERN-IT-1999-6},
year = {1999},
}

@BOOK{appleby97,
author = {D.~Appleby and J.~J.~VendeKopple},
title = {Programming Languages: Paradigm and Practice},
year = {1997},
publisher = {WCB / McGraw-Hill} 
}

@ARTICLE{apostolakis07a,
author = {J.~Apostolakis et al.},
title = {Hadronic {S}hower {S}hape {S}tudies in {G}eant4},
journal = {CERN-LCGAPP-2007-02},
year = {2007},
note = {}
}

@MISC{apostolakis05a,
author        = {J.~Apostolakis},
howpublished  = {private communication},
year          = {2005}
}

		  
bbbbbbbbbbbbbbbbbbbbbbbbbbbbbbbbbbbbbbbbbbbbbbbbbbbbbbbbbbbbbbbbbbbbbbbbbbb

@TECHREPORT{ballintijn03a,
author      = {M.~Ballintijn et al.},
title       = {The PROOF Distributed Parallel Analysis Framework based on ROOT},
institution = {CHEP'03 proceedings},
year        = {2003},
note        = {{\sf [arXiv: physics/0306110]}},
}
note        = {{\it [Available from \url{http://arxiv.org/pdf/physics/0306110}]}}

banerjee08a.pdf
@MISC{banerjee08a,
author        = {S.~Banerjee, V.~D.~Elvira, and J.~Yarba},
howpublished  = {Talk given at Geant4 Hadronics Meeting},
month         = {February 27th},
year          = {2008},
note          = {{\em (Unpublished)}}
}
		  
@ARTICLE{barashenkov00a,
author  = {V.~S.~Barashenkov},
title   = {Monte {C}arlo simulation of ionization and nuclear processes initiated by 
           hadron and ion beams in media},
journal = {Comp. Phys. Commun.},
number  = {126},
year    = {2000},
pages   = {28-31} 
}

@INCOLLECTION{barashenkov71,
author    = {V.~Barashenkov et al.},
title     = {Interaction of high-energy radiation with substance},
booktitle = {Dubna Report P2-5719},
year      = {1971}
}

@ARTICLE{barca03,		  
author  = {G.~Barca et al.},
title   = {A Powerful Simulation Tool for Medical Physics Applications: Geant4},
journal = {Nucl. Physics B (Proc. Suppl.)},
volume  = {125},
year    = {2003},
pages   = {80--84} 
}

@ARTICLE{battiston95a,		  
author  = {R.~Battiston},
journal = {Nucl. Phys. B (Proc. Suppl.)},
volume  = {44},
year    = {1995},
pages   = {274} 
}

@ARTICLE{battiston95a,		  
author  = {R.~Battiston},
journal = {Nucl. Phys. B (Proc. Suppl.)},
volume  = {44},
year    = {1995},
pages   = {274} 
}

@ARTICLE{bayukov000,		  
author  = {Bayukov et al.},
journal = {Phys. Atom. Nucl. V42, 116},
volume  = {},
year    = {},
pages   = {} 
}

@article{becks99a,		  
author  = {K.-H.~Becks et al.},
title   = {Separation of hadronics {W}-decays from {QCD}-background with self-organizing maps},
journal = {Nucl. Instr. and Meth.},
volume  = {A},
number  = {426},
pages   = {599-604}, 
year    = {1999},
}
note    = {{\it (Search for SOM discriminating variables discussed.)}}

@ARTICLE{benlliure98a,
author        = {J.~Benlliure},
title         = {Calculated nuclide production yields in relativistic 
                 collisions of fissile nuclei},
journal       = {Nuclear Physics},
volume        = {A},
number        = {628},
year          = {1998},
pages         = {458-478},
}

@ARTICLE{beringer04a,		  
author  = {J.~Beringer},
title   = {Physics validation of detector simulation tools for {LHC}},
journal = {Nucl. Instr. and Meth.},
volume  = {A},
number  = {534},
year    = {2004},
pages   = {156-161} 
}

@TECHREPORT{beringer03a,
author = {J.~Beringer},
title = {(p, xn) {P}roduction {C}ross {S}ections: {A} {B}enchmark {S}tudy for the {V}alidation of {H}adronic {P}hysics {S}imulation at {LHC}},
institution = {CERN-LCGAPP-2003-18},
year = {2003}
}
note = {{\it [CERN note available in  \url{http://lcgapp.cern.ch/project/simu/validation/benchmarks/neutron/}]}}

@ARTICLE{bertini63a,		  
author = {H.~W.~Bertini},
title = {Low-Energy Intranuclear Cascade Calculation},
journal = {Phys. Rev.},
volume = {131},
number = {4},
year = {1963},
pages = {1801-1821} 
}

@ARTICLE{bertini72,
author  = {H.~W.~Bertini},
journal = {Phys. Rev. C},
volume  = {6},
year    = {1972},
pages   = {631-659} 
}

@ARTICLE{boinee03a,
author      = {P.~Boinee et al.},
title       = {Automatic {C}lassification using {S}elf-{O}rganising {N}eural {N}etworks 
               in {A}strophysical {E}xperiments},
year        = {2003},
note        = {{\sf [arXiv: cs.NE/0307031]}}
}

@ARTICLE{boos03a,
author      = {E.~Boos and L.~Dudko},
title       = {Optimized {N}eural {N}etworks to {S}earch for {H}iggs {B}oson {P}roduction at the {T}evatron},
year        = {2003},
note        = {{\sf [arXiv: hep-ph/0302088]}}
}

@BOOK{borovoy96,
author = {R.~Borovoy},
title = {Genuine Object Oriented Programming},
year = {1996},
publisher = {MIT Master's Thesis} 
}
	
@ARTICLE{boudard04a,	
author = {A.~Boudard et al.},
title = {A new model fo production of fast light clusters in spallation reactions},
journal = {Nucl. Phys},
volume = {A},
number = {740},
pages = {195-210},
year = {2004}
}

@INPROCEEDINGS{boudard02,	
author = {A.~Boudard  and others},
title = {Improvements of Intra-Nuclear Cascade model stimulated by recent spallation data},
booktitle = {AIP Conference Proceedings},
volume = {610(1)},
year = {2002},
pages = {300-304}
}
	
@ARTICLE{boudard00,	
author = {A.~Boudard et al.},
title = {Spallation study with proton beams around 1~GeV: neutron production},
journal = {Nucl. Phys},
volume = {A},
number = {663\&664},
pages = {1061c-1064c},
year = {2000}
}


@article{brau92a,		  
author = {J.~E.~Brau},
title = {Simulation of hadronic showers and calorimeters},
journal = {Nucl. Instr. and Meth.},
volume = {A},
number = {312},
pages = {483--514}, 
year = {1992},
note = { {\it (Review article summarizing physics basis of codes used to simulate hadronic calorimeters.)}}  
}

@TECHREPORT{brun03a,
author = {R.~Brun et al.},
title = {{ROOT} {S}tatus and {F}uture {D}evelopments},
institution = {CHEP'03 proceedings},
year = {2003},
note = {{\sf [arXiv: cs.SE/0306078]}}
}
note = {{\it [arXiv: cs.SE/0306078 Available from \url{http://arxiv.org/pdf/cs.SE/0306078}]}}

Formal root paper: In proceedings of the AIHENPâ€™96 Workshop, Lausanne, September 1996,
@article{brun97a,
author      = {R.~Brun et al.},
title       = {{ROOT}--{A}n {O}bject {O}riented {D}ata {A}nalysis {F}ramework},
journal     = {Nucl. Instr. and Meth.},
volume      = {A},
number      = {389},
year        = {1997},
pages       = {81}
}
	  
@BOOK{burke87,
author = {M. Burke and L. Genise},
title = {Lego and Models of Computation},
year = {1987},
publisher = {Addison-Wesley} 
}
		  
@BOOK{byckling73,
author = {E. Byckling and K. Kajantie},
title = {Particle Kinematics},
year = {1973},
publisher = {Wiley} 
}

ccccccccccccccccccccccccccccccccccccccccccccccccccccccccccccccccccccccccccccc
	
@INPROCEEDINGS{campbell04a,
author = 	 {J.~Campbell et al.},
title = 	 {Higgs boson production in association with bottom quarks},
year          =	 {{\sf [arXiv: hep-ph/0405302]}, May 2004},
}

@MISC{cmsOrca,
author       = {CMS Collaboration},
title        = {ORCA, Object-oriented reconstruction for CMS analysis},
howpublished = {Physics TDR Vol.I, Chapter 2, CERN/LHCC 2006-001 (2006)},
}

@ARTICLE{cochran72a,		  
author = {D.~R.~F. Cochran et al.},
journal = {Phys.~Rev.},
volume = {D},
pages = {3085}, 
year = {1972}
}

@ARTICLE{crawford80a,		  
author = {J.~F.~Crawford et al.},
title = {Measurement of {C}ross {S}ections and {A}symmetry {P}arameters for the {P}roduction of {C}harged {P}ions from {V}arious {N}uclei by 585-{M}e{V} {P}rotons},
journal = {Phys.~Rev.~C},
number = {22},
year = {1980},
pages = {1184},
}
	  		
@ARTICLE{creutz80,		  
author = {Michael Creuts},
title = {Phase diagrams for couples sin-qauge systems},
journal = {Physical Review D},
volume = {21},
number = {4},
year = {1980},
pages = {1006-}, 
note = { {\it Lattice gauge theory. Very nice and compact sample programs available from web}},	
url = {http://thy.phy.bnl.gov/~creutz/z2}
}

@ARTICLE{cugnon97a,		  
author = {J.~Cugnon {\it et al.}},
title = {Improved intranuclear cascade model for nucleon-nucleus interactions},
journal = {Nucl. Phys.},
volume = {A},
number = {620},
pages = {475-509},
year = {1997},
url = {http://thy.phy.bnl.gov/~creutz/z2}	 
}	
note = {Extended study of latest INC features.},

@ARTICLE{cugnon88,		  
author = {J. Cugnon and M.-C. Lemaire},
title = {Medium Effects in Pion Production},
journal = {Nucl. Phys.},
volume = {A},
number = {489},
pages = {781-802},
year = {1988},
}	

@ARTICLE{cugnon82a,		  
AUTHOR = {J.~Cugnon},
title = {Intranuclear {C}ascade {M}odel. {A} {R}eview},
journal = {Nucl. Phys.},
volume = {A},
number = {387},
pages = {191c--204c}, 
year = {1982}
}

@ARTICLE{cugnon81,		  
AUTHOR = {J. Cugnon and others},
title = {Equilibration in Relativistic Nuclear Collisions. A Monte Carlo Calculation},
journal = {Nucl. Phys.},
volume = {A},
number = {352},
pages = {505-534}, 
year = {1981}
}

ddddddddddddddddddddddddddddddddddddddddddddddddddddddddddddddddddddddddddddddddddd

@MISC{daquino05a,
  author = 	 {G.~Daquino},
  title = 	 {Background radiation studies using {Geant4} in {LHCb}: first results},
  howpublished = {LCG Physics Validation for LHC Simulations, CERN, January 27th, 2005},
  note  ={{\em (Unpublished)}},
  year = 	 {2006},
}
QGSP_BERT_HP used in LHCb

@ARTICLE{deangelis04a,
author  = {A.~De Angelis et al.},
title   = {Self-organizing networks for classification: 
           developing applications to science analysis for astroparticle physics},
journal = {Physics},
volume  = {A},
number  = {338},
year    = {2004},
pages   = {50--53}, 
}
	
@ARTICLE{degtyarenko00,
author = {P.~V.~Degtyarenko et al.},
title = {Chiral invariant phase space event generator},
journal = {Eur. Phys. J.},
volume = {A},
number = {9},
year = {2000},
pages = {411-420}, 
note = { {\it [Geant4 CHIPS model, nuclear pion capture]}}  
}

@article{denby04a,		  
author = {B.~Denby},
title = {Trends in physics data analysis algorithms},
journal = {Nucl. Instr. and Meth.},
volume = {A},
number = {534},
pages = {343--347}, 
year = {2004},
note = { {\it (Critical overview)}}  
}


@ARTICLE{denes83,
author = {P.~Denes et al.},
title = {Production of positive pions by 800~MeV protons on carbon},
journal = {Phys. Rev. C},
volume = {27} ,
number = {3} , 
pages = {1339-1341}, 
year = {1983}
}

@ARTICLE{dore01a,
author = {D.~Dore et al.},
title = {Properties of light particles produced in {A}r+{N}i collisions at 95{A} {M}e{V}: {P}rompt emission and evaporation},
journal = {Phys. Rev. C},
volume = {63} ,
number = {034612}, 
year = {2001}
}

@ARTICLE{deroeck07aPaper,
author  = {A.~De~Roeck and G.~Polesello},
title   = {Higgs searches at the LHC},
journal = {Comptes Rendus Physique},
number  = {8},
year    = {2007},
pages   = {1078--1097}, 
}
note = {deroeck07aPaper.pdf}  

@INPROCEEDINGS{dudko01a,
author        = {L.~Dudko},  
title         = {Use of {N}eural {N}etworks in a {S}earch for {S}ingle {T}op {Q}uark {P}roduction at {D0}},
booktitle     = {Advanced Computing and Analysis Techniques in Physics Research, 
                 VII International Workshop ACAT 2000, 
                 Batavia, Illinois, USA, October 16-20, 2000},
series        = {AIP Conference proceedings Vol. 583},
year          = {2001},
publisher     = {American Institute of Physics},
}

eeeeeeeeeeeeeeeeeeeeeeeeeeeeeeeeeeeeeeeeeeeeeeeeeeeeeeeeeeeeeeeeeeeeeeeeeeeeeeeeeee
  
@article{eklund99,		  
author = {C. Eklund et al.},
title = {Silicon Beam Telescope for CMS Detector Tests},
journal = {Nucl. Instr. and Meth.},
volume = {A},
number = {430},
pages = {321-332}, 
year = {1999}
}
		 
@ARTICLE{eklund98a,		  
author = {C. Eklund et al.},
title = {Beam test results of the Silicon Beam Telescope (SiBT) at the CMS-H2 experiment},
journal = {Proceedings of the XXXII Annual Conference of the Finnish Physical Society},
year = {1998}
}
 
elvira07a.pdf
@ARTICLE{elvira07a,		  
author = {V.~Daniel Elvira for the CMS Collaboration},
title = {Readiness of the {CMS} {D}etector {S}imulation},
journal = {Nuclear Science Symposium Conference Record, NSS '07. IEEE},
year = {2007},
}

@ARTICLE{eklund97a,		  
author = {C. Eklund et al.},
title = {Beam test results of the Silicon Bead Telescope (SiBT) at the CMS-H2 experiment},
journal = {HIP-1997-25 / EXP},
year = {1997}
}

@ARTICLE{enke99a,	
author = {M.~Enke et al.},
title = {Evolution of a spallation reaction: experiment and Monte Carlo simulation},
journal = {Nucl. Phys.},
volume = {A},
number = {657},
pages = {317-339}, 
year = {1999},
}

fffffffffffffffffffffffffffffffffffffffffffffffffffffffffffffffffffffffffffffffff
  
@ARTICLE{ferrari00,	
author = {A.~ Ferrari},
title = {Physics and modelling of hadronic interaction},
journal = {MonteCarlo 2000, tutorials},
year = {2000},
}
note = { {\it (background material for HETC)}}  

@ARTICLE{ferrari96a,		  
author = {A. Ferrari and JRanft and S. Roesler and P.R. Sala},
title = {Cascade particles, nuclear evaporation, and residual nuclei
in high energy hadron-nucleus interaction},
journal = {Z. Phys. C},
volume = {70},
pages = {413-426}, 
year = {1996}
}
	


GEISHA ref
@TECHREPORT{fesefeldt85a,
author = {H.~Fesefeldt},
title = {The {S}imulation of {H}adronic {S}howers -- {P}hysics and {A}pplication},
institution = {PITHA 85-02, Physikalisches Institut, RWTH Aachen},
year = {1985},
}
	  
@BOOK{feshbach92a,
author = {H.~Feshbach},
title = {Theoretical nuclear physics},
year = {1992},
publisher = {Wiley} 
}

@ARTICLE{defelice95a,
author = {P.~De Felice et al.},
title = {Jet analysis by neural networks in high energy hadron-hadron collisions},
journal = {Physics Letters},
volume = {B},
number = {354},
pages = {473--480}, 
year = {1995},
}
note = { {\it (Introduces k-clustering algorithm and the use of Self Organized Maps.)}}  

@ARTICLE{field96a,	
author = {R.~D.~Field et al.},
title = {Using neural networks to enhance the {H}iggs boson signal at hadron colliders},
journal = {Physical Review D},
volume = {53},
number = {5},
pages = {2296--2308}, 
year = {1996},
}
note = { {\it (In conjunction with the standard cuts, NNs are used to provide additional S/B enhancement.)}}  

@ARTICLE{filges01,
author = {D. Filges et al.},
title = {Spallation neutron production and the current intra-nuclear cascade and transport codes},
journal = {Eur. Phys. J.},
volume = {A},
number = {11},
pages = {467-490}, 
year = {2001},
}
note = { {\it (background material for HETC)}}  

@ARTICLE{flaminio83a,	
author = {V.~Flaminio et al.},
title = {Compilation of {C}ross-{S}ections {II}: $\mathrm{K^+}$ and $\mathrm{K^-}$ {I}nduced {R}eactions},
journal = {CERN-HERA},
volume = {83-02},
year = {1983},
}

@INPROCEEDINGS{folger05a,
author        = {G.~Folger and J.P.~Wellish},
title         = {The {Binary} {C}ascade},
booktitle     = {Proceedings of CHEP'04, Interlaken, Switzerland, 27 September - 1 October, 2004.
                 CERN-2005-002 Vol. 1 (2005) pp.313--316},
year          = {2005}
}  

@book{fong69a,
author = {P.~Fong},
title = {Statistical {T}heory of {F}ission},
year = {1969},
publisher = {Gordon and Breach, New York},
}

@BOOK{frobrich96,
author = {P. Fr\"{o}brich and R. Lipperheide},
title = {Theory of Nuclear Reactions},
year = {1996},
publisher = {Oxford University Press} 
}		  

ggggggggggggggggggggggggggggggggggggggggggggggggggggggggggggggggggggggggggggggggg
  
@ARTICLE{georg02a,	
author = {U.~Georg et al.},
title = {Isotope production comparison at ISOLDE with 1 and 1.4~GeV protons},
journal = {Nucl. Phys.},
volume = {A},
number = {701},
pages = {137c-143c}, 
year = {2002},
}

@ARTICLE{griffin67a,	
AUTHOR = {J. J. Griffin},
TITLE = {Statistical Model of Intermediate Structure},
JOURNAL = {Physics Letters},
VOLUME = {24B},
NUMBER = {1},
YEAR = {1967},
PAGES = {5--7}, 
}

@ARTICLE{griffin66a,	
AUTHOR = {J. J. Griffin},
TITLE = {Statistical Model of Intermediate Structure},
JOURNAL = {Physical Review Letters},
VOLUME = {17},
NUMBER = {9},
YEAR = {1966},
PAGES = {478--481}, 
}

@MISC{webG4INFN,
author       = {Geant4 INFN projectpage},
title        = {Geant4 INFN},
note         = {GEANT4 page at INFN \url{http://www.ge.infn.it/geant4/}}
}

@MISC{swGsview,
title = 	 {GSview software},
url= {http://www.cs.wisc.edu/~ghost/gsview/},
note =	 {GSview is a graphical interface for Ghostscript. Tool fo ps and pdf document viewing.}
}

@ARTICLE{goldberger48,	
author = {M. Goldberger},
title = {The {I}nteraction of {H}igh {E}nergy {N}eutrons and {H}eavy {N}uclei},
journal = {Phys. Rev.},
volume = {74},
pages = {1269}, 
year = {1948},
} 
INC first time proposed
		  
@BOOK{goldberg87,
author = {E. Goldberg and W. Feurzeig},
title = {Exploring Langueage With Logo},
year = {1987},
publisher = {MIT Press} 
}
@ARTICLE{griffin66a,	
author = {J.~J.~Griffin},
title = {Statistical Model of Intermediate Structure},
journal = {Physical Review Letters},
volume = {17},
number = {478},
year = {1966},
}
  
@ARTICLE{guatelli04a,	
author = {S.~Guatelli et al.},
title = {Dosimetry for interplanetary manned missions},
journal = {IEEE Nuclear Science Symposium Conference Record},
volume = {Volume 4},
pages = {2169--2173}, 
year = {2004},
}


@ARTICLE{gudima83,	
author  = {K.~K.~Gudima et al.},
title   = {Cascade-{E}xciton {M}odel of {N}uclear {R}eactions},
journal = {Nucl. Phys.},
volume  = {A},
number  = {401},
pages   = {329}, 
year    = {1983},
note    = { {\it (HETC98 is using CEM95 pre-equilibrium model described here)}}  
}

hhhhhhhhhhhhhhhhhhhhhhhhhhhhhhhhhhhhhhhhhhhhhhhhhhhhhhhhhhhhhhhhhhhhhhhhhhhhhhhhhhhh

paper copy exist
@ARTICLE{hakl03a,
author  = 	 {F.~Hakl et al.},
title   = 	 {Application of neural networks to {H}iggs boson search},
journal = 	 {Nucl. Instr. and Meth.},
volume  =	 {A},
number  = 	 {502},
year    = 	 {2003},
pages   =	 {489--491}
}

@ARTICLE{harp73,
author  = {G.~D.~Harp et al.},
title   = {Intranuclear {C}ascade {S}tudies of {L}ow-{E}nergy {P}ion-{I}nduced {N}uclear {R}eactions: 
           {P}ossible {E}ffects of the {F}inite {L}ifetime of the (3,3) {I}sobar},
journal = PRC,
volume  = {8},
number  = {2},
year    = {1973},
pages   = {581-593}, 
}

@BOOK{harvey86,
author    = {B.~Harvey},
title     = {Computer {S}cience {L}ogo {S}tyle, {V}olumes I-II},
publisher = {MIT Press}, 
year      = 1986,
}
		  
@BOOK{harvey87,
author = {B. Harvey},
title = {Logo and {M}odels of {C}omputation},
year = {1987},
publisher = {MIT Press} 
}

@BOOK{haykin99a,
author = {S.~Haykin},
title = {Neural Networks},
year = {1999},
publisher = {Prentice-Hall, Englewood Cliffs, NY} 
}

@BOOK{heyde98,
author = {Kris Heyde},
title = {From nucleons to the atomic nucleons: perspectives in nuclear physics},
year = {1998},
publisher = {Springer-Verlag} 
}

QGSP_BERT_HP used in TARC study
@MISC{howard07a,
  author = 	 {A.~Howard},
  title = 	 {Final {Geant4} {B}enchmark {C}omparison with {TARC} data},
  howpublished = {LCG Physics Validation for LHC Simulations, CERN, November 21st, 2007},
  month = 	 {},
  note  =        {{\em (Unpublished)}},
  year = 	 {2006},
}
note =           {refs/keyRefs/howard07a.pdf}     

@MISC{howard06aProceedings,
  author = 	 {A.~Howard},
  title = 	 {Validation of {N}eutrons in {Geant4} {U}sing {TARC} {D}ata - 
                  production, interaction and transportation},
  howpublished = {2006 IEEE Nuclear Science Symposium Conference Record N38-3},
  year = 	 {2006},
}
note =           {refs/keyRefs/howard06aPaper.pdf}     

@ARTICLE{hultqvist95a,
author  = {K.~Hultqvist et al.},
title   = {Using a neural network in the search for the {H}iggs boson},
journal = {Nucl. Instr. and Meth.},
volume  = {A},
number  = {364},
year    = {1995},
pages   = {193--200}
}
note    = 	 {{\it (Discriminant analysis explained for selection of variables. Preprocessing using cumulative distributions of variables described.)}}

iiiiiiiiiiiiiiiiiiiiiiiiiiiiiiiiiiiiiiiiiiiiiiiiiiiiiiiiiiiiiiiiiiiiiiiiiiiiiiiiiiiiiiiiiiiii

@BOOK{iaea72a,
author = {},
title  = {Computing as a {L}anguage of {P}hysics},
year    = {1972},
publisher = {Lectures presented at an International Seminar Course, Trieste 2--20 August 1971, IAEA, Vienna} 
}

@MISC{iashvili96a,		  
author        = {I.~Iashvili and A.~Kharchilava},
howpublished  = {CMS TN-1996/100},
year          = {1996}
}

@BOOK{iljinov94a,
author = {A.~S.~Iljonov et al.},
title = {Intermediate-{E}nergy {N}uclear {P}hysics},
year = {1994},
publisher = {CRC Press},
}
note = { ({\it Exellent and broad theoretical descripition of physics involved in INC.})},	
ps = {http://cmsdoc.cern.ch/~miheikki/aatos/koe.ps}

@ARTICLE{iljinov92,	
author = {A.~S.~Iljinov and M.~V.~Mebel},
journal = {Nucl. Phys},
volume = {A},
number = {543},
year = {1992},
pages = {517}, 
note = { {\it (background material for the HETC evaporation model)}}
}

@MISC{integrated95a,
  author       = {Integrated Detector \& Electronics AS},
  title        = {{VA} {C}ircuit, {M}anual},
  year         = {Norway, 1995},
}

@ARTICLE{ivanchenko04,		  
author = {V.~N.~Ivanchenko},
title = {Geant4: physics potential for instrumentation in space and medicine},
journal = {Nucl. Instr. and Meth.},
volume = {A},
number = {525},
year = {2004},
pages = {402--405},
}
note = {{\it [Evaluates Bertini cascade]}} 

@TECHREPORT{ivanchenko03a,
author = {V.~N.~Ivanchenko},
title = {The {G}eant4 hadronic verification suite for the cascade energy range},
institution = {CHEP'03 proceedings},
year = {2003},
note = {{\sf [arXiv: nucl-th/0306016]}}
}
note = {{\it [Available from \url{http://arxiv.org/pdf/nucl-th/0306016}]}}

@ARTICLE{ivanchenko02,		  
author = {V.N.~Ivanchenko},
title = {Geant4: physics potential for HEP instrumentation},
journal = {Nucl. Instr. and Meth.},
volume = {A},
number = {494},
year = {2002},
pages = {514-519}
}
note = {{\it (Informs on status of Bertini and HETC codes)}} 

jjjjjjjjjjjjjjjjjjjjjjjjjjjjjjjjjjjjjjjjjjjjjjjjjjjjjjjjjjjjjjjjjjjjjjjjjjjjjjjjjjjjjjjjjjjjj
@ARTICLE{junghans98a,
author        = {A.~R.~Junghans},
title         = {Projectile-fragment yields as a probe for the collective 
                 enhancement in the nuclear level density},
journal       = {Nuclear Physics},
volume        = {A},
number        = {629},
year          = {1998},
pages         = {635-655},
}

@BOOK{jones07a,
author = {R.~Jones on behalf of the CERN Beam Instrumentation Group},
title = {Status {R}eport on {LHC} {B}eam {I}nstrumentation},
year = {},
publisher = {LHC Machine Advisory Committee, MAC, 6th December 2007 (Unpublished)} 
}

kkkkkkkkkkkkkkkkkkkkkkkkkkkkkkkkkkkkkkkkkkkkkkkkkkkkkkkkkkkkkkkkkkkkkkkkkkkkkkkkkkkkkkkkkkkkk

@ARTICLE{kalbach78a,		  
author = {C.~Kalbach},
title = {Exciton {N}umber {D}ependence of the {G}riffin {M}odel {T}wo-{B}ody {M}atrix {E}lement},
journal = {Z.~Physik},
volume = {A},
number = {287},
year = {1978},
pages = {319--322},
}

@BOOK{karimaki,
author = {V.~Kari\"{a}ki},
title = {Relativistinen kinematiikka, (Lecture notes in finnish)},
year = {1998},
publisher = {Unpublished} 
}

@ARTICLE{karimaki93a,	
author = {V.~Karim\"{a}ki},
title = {Silicon {B}eam {T}elescope {S}imulation {C}ode},
journal = {RD5 TN/93-11},
year = {August 1993},
}

@INPROCEEDINGS{khan05a,
author = 	 {A.~Khan, K.~Schofield, and D.~Wright},
title = 	 {Validation of {G}eant4 {E}lectromagnetic and {H}adronic {P}rocesses in the {B}a{B}ar {D}etector},
booktitle = 	 {2005 IEEE Nuclear Science Symposium Conference Record},
year =	 {2005},
number = 	 {N14-200},
}

kiryunin08a.pdf
@MISC{kiryunin08a,
  author       = {A.~Kiryunin and P.~Strizenec},
  title        = {Studies of the {T}ime {S}tructure 
                  of {S}howers in {G}eant4 for the {ATLAS} {H}adronic {E}nd-{C}ap {C}alorimeter},
  howpublished = {Talk given at meeting for the Physics Validation of LHC Simulations},
  month        = {January 30th},
  year         = {2008},
  note         = {{\em (Unpublished)}}
}


@TECHREPORT{kohonen96a,
author      = {T.~Kohonen et al.},
title       = {{LVQ\_PAK}: the learning vector quantization program package},
institution = {A30,  Laboratory of Computer and Information Science, 
               Helsinki University of Technology},
year        = {1996}
}

@TECHREPORT{kohonen96b,
author      = {T.~Kohonen et al.},
title       = {{SOM\_PAK}: the self-organizing map program package},
institution = {A31, Laboratory of Computer and Information Science, 
               Helsinki University of Technology},
year        = {1996}
}

@BOOK{kohonen95a,
author = {T.~Kohonen},
title = {Self-{O}rganizing {M}aps},
year = {1995},
publisher = {Springer}
}
Heidelberg 

@ARTICLE{kormanyos95a,	
author = {C.~M.~Kormanyos et al.},
journal = {Phys. Rev.},
volume = {C},
number = {51},
year = {1995},
pages = {669}, 
}

BERT physics list used
@MISC{kunori08bTalk,
  author       = {S.~Kunori et al.},
  title        = {G4 vs TB2006: linearity / resolution / eta-dependence},
  howpublished = {Talk given in April 2008 (Unpublished)},
}
  note         = {kunori08b.pdf}

@INPROCEEDINGS{kunze94a,
author = 	 {M.~Kunze},
title = 	 {Application of artificial neural networks in the analysis of multiparticle-data},
booktitle = 	 {Proceedings of the CORINNEII conference, Nantes, "Multi-particle Correlations and Nuclear Reactions"},
year =	 {1994},
publisher =	 {World Scientific},
note = 	 {{\it (Summarizes various applications areas of artificial neural networks applied in high energy physics before year 1994.)}} 
}

lllllllllllllllllllllllllllllllllllllllllllllllllllllllllllllllllllllllllllllllllllllllllllll

@MISC{lai00a,
  author       = {H.~L.~Lai et al.},
  howpublished = {Eur. Phys. J. C12 (2000) 375, {\tt hep-ph/9903282}},
}

@BOOK{lakos00a,
author = {J.~Lakos},
title = {Large-{S}cale {C++} {S}oftware {D}esign},
year = {2000},
publisher = {Addison-Wesley} 
}

@MISC{lampen07a,
  author       = {T.~Lamp\'{e}n},
  title        = {Detector {A}lignment {S}tudies for the {CMS} {E}xperiment},
  howpublished = {Doctoral thesis, Helsinki University of Technology},
  month        = {April},
  year         = {2007},
  note         = {HIP-2007-02}
}

@ARTICLE{lang98a,	
author  = {M.~J.~Lang},
title   = {Application of a {K}ohonen network classifier in {TeV} $\gamma$-ray astronomy},
journal = {J. Phys},
volume  = {G: Nucl. Part. Phys.},
number  = {24},
year    = {1998},
pages   = {2279--2287},
}
note   = {{\it (Interesting application of SOM to $\gamma$/hadron event separation.)}} 


@ARTICLE{lange97a,	
author  = {J.~S.~Lange et al.},
journal = {Nucl. Instr. and Meth.},
volume  = {A},
number  = {389},
year    = {1997},
pages   = {74}
}
note = {{\it (Istructive description of input parameters. SOM vs. linear classifier.)}} 

@ARTICLE{lange99a,	
author  = {J.~S.~Lange et al.},
title   = {Transputer self-organizing map algorithm for 
           beam background rejection at the {BELLE} silicon vertex detector},
journal = {Nucl. Instr. and Meth.},
volume  = {A},
number  = {420},
year    = {1999},
pages = {288-309}
}
note = {{\it (Istructive description of input parameters. SOM vs. linear classifier.)}} 

@ARTICLE{lehti01a,
  author       = {S.~Lehti},
  title        = {Tagging b-jets in $b\bar{b}H_{SUSY}\rightarrow \tau\tau$},
  journal      = {CMS NOTE 2001/019},
  year         = {2001},
}

@Article{letaw93a,
  author  = 	 {J.~R.~Letaw et al.},
  journal = 	 {The Astrophysical Journal},
  year    = 	 {1993},
  volume  =	 {414},
  pages   =	 {601},
}

@Article{letaw83a,
  author = 	 {J. R. Letaw et al.},
  journal = 	 {The Astrophysical Journal Supplements},
  year = 	 {1983},
  volume =	 {51},
  pages =	 {271},
}

@ARTICLE{letourneau02a,	
author = {A.~Letourneau et al.},
title = {Composite-particle emission in the reaction p + Au at 2.5 GeV},
journal = {Nucl. Phys},
volume = {A},
number = {712},
year = {2002},
pages = {133-166}
}

@MISC{lonnblad91a,
  author = 	 {L.~L\"{o}nnblad et al.},
  title = 	 {Self-organizing {N}etworks for {E}xtracting {J}et {F}eatures},
  howpublished = {Lund Preprint LU TP 91-4},
  year = 	 {1991}
}


@MISC{luukka06a,
  author = 	 {P.~Luukka},
  title = 	 {Characterization of {C}zochralski {S}ilicon {D}etectors},
  howpublished = {Doctoral thesis, Helsinki University of Technology},
  month = 	 {May},
  year = 	 {2006},
  note =	 {HIP-2006-04}
}

@BOOK{lyons92a,
author = {L.~Lyons},
title = {Statistics for nuclear and particle physicists},
year = {1992},
publisher = {Cambridge University Press}
}

mmmmmmmmmmmmmmmmmmmmmmmmmmmmmmmmmmmmmmmmmmmmmmmmmmmmmmmmmmmmmmmmmmmmmmmmmmmmmmmmmmmmmmmmmmmmm
@ARTICLE{maggipinto97a,
author  = 	 {T.~Maggipinto et al.},
title   = 	 {Role of neural networks in the search of the {H}iggs boson at {LHC}},
journal = 	 {Physics Letters},
volume  =	 {B},
number  = 	 {409},
year    = 	 {1997},
pages   =	 {517--522},
}

@ARTICLE{mashnik98a,
author  = 	 {S.~G.~Mashnik et al.},
title   = 	 {Cascade-exiton model analysis of proton induced reactions from 10~MeV to 5~GeV},
journal = 	 {Nucl. Instr. and Meth.},
year    = 	 {1998},
volume  =	 {A},
number  = 	 {414},
pages   =	 {68-72},
} 

@ARTICLE{mashnik94,	
author = {S.~G.~Mashnik},
journal = {Nucl. Phys.},
volume = {A},
number = {568},
year = {1994},
pages = {703}, 
note = { {\it (HETC98 is using CEM95 pre-equilibrium model described here)}}  
}

@ARTICLE{meier92a,	
author  = {M.~M.~Meier et al.},
title   = {Differential {N}eutron {P}roduction {C}ross {S}ections and 
           {N}eutron {Y}ields from {S}topping-length {T}argets for 256-{M}e{V} {P}rotons},
journal = {Nucl.~Sci.~Eng.},
number  = {110},
year    = {1992},
pages   = {289}, 
}

@ARTICLE{meier89a,	
author  = {M.~M.~Meier et al.},
title   = {Differential {N}eutron {P}roduction {C}ross {S}ections and 
           {N}eutron {Y}ields from {S}topping-length {T}argets for 113-{M}e{V} {P}rotons},
journal = {Nucl. Scien. Engin.},
number  = {102},
year    = {1989},
pages   = {310}, 
}

@INPROCEEDINGS{mjahed06a,
author        = {M.~Mjahed},  
title         = {Search for the {H}iggs boson at {LHC} by using {G}enetic {A}lgoriths},
booktitle     = {Advanced Computing and Analysis Techniques in Physics Research, 
                 X International Workshop ACAT 2005, 
                 DESY, Zeuthen, Germany, May 22-27, 2005},
series        = {Reprinted from Nucl. Inst. and Meth A, Vol. 559, No.1},
year          = {2006},
publisher     = {Elsevier},
}

@ARTICLE{mjahed05a,	
author = {M.~Mjahed},
journal = {Nucl. Phys.},
volume = {B},
number = {140},
year = {2005},
pages = {799}
}


@BOOK{minsky,
author = {M.~Minsky},
title = {Society of {M}ind},
year = {19},
}

@ARTICLE{montarou93a,
  author = 	 {G.Montarou and others},
  title = 	 {Intranuclear cascade-percolation approach for protons and light fragments production in neon-niobium reactions at 400 and 800 {MeV} per nucleon},
  journal = 	 {Phys. Rev. C},
  volume =	 {47},
  number = 	 {6},
  pages =	 {2764-2781},
  month = 	 {June},
  year = 	 {1995}
} 

@ARTICLE{morel05a,		  
author = {C.~Morel},
title = {The {GATE} opens in nuclear medicine},
journal = {CERN Courier},
year = {January / February 2005},
}

@ARTICLE{muller03a,	
author = {U.~M\"uller},
title = {Artificial intelligence -- applications in high energy and nuclear physics},
journal = {NIM},
volume = {A},
number = {502},
year = {2003},
pages = {811--814}, 
note = { {\it (Summarizing ACAT 2002 presentations and applications such as support vector machines.)}}
}

@BOOK{kling01a,
author    = {A.~Kling {\em et al.} (eds.)},
title     = {Advanced {M}onte {C}arlo for {R}adiation {P}hysics, 
           {P}article {T}ransport {S}imulation and {A}pplications},
year      = {2001},
series    = {Proceedings of the Monte Carlo 2000 Conference, Lisbon, 23--26 October, 2000},
publisher = {Springer}
}

@ARTICLE{kormanyos95a,	
author = {C.~M.~Kormanyos et al.},
journal = {Phys. Rev.},
volume = {C},
number = {51},
year = {1995},
pages = {669}, 
}

@INPROCEEDINGS{kunze94a,
author = 	 {M.~Kunze},
title = 	 {Application of artificial neural networks in the analysis of multiparticle-data},
booktitle = 	 {Proceedings of the CORINNEII conference, Nantes, "Multi-particle Correlations and Nuclear Reactions"},
year =	 {1994},
publisher =	 {World Scientific},
note = 	 {{\it (Summarizes various applications areas of artificial neural networks applied in high energy physics before year 1994.)}} 
}


nnnnnnnnnnnnnnnnnnnnnnnnnnnnnnnnnnnnnnnnnnnnnnnnnnnnnnnnnnnnnnnnnnnnnnnnnnnnnnnnnnnnnnnnnnnnn

@MISC{webNessi,
author = 	 {NESSI experiment},
title = 	 {Investigation of GeV Proton-Nucleus Spallation Reactions},
note = {HETC background information. Spallation and INC studies. \url{http://www.hmi.de/people/hilscher/NESSI_HMI.html}}
}

@BOOK{negroponte95,
author = {N.~Negroponte},
title = {Beeing Digital},
year = {1995},
}
		  
@BOOK{negroponte96,
author = {N.~Negroponte},
title = {Digitaalinen todellisuus},
year = {1996},
publisher = {Otava} 
}

@BOOK{nelson78,
author = {W.~R.~Nelson and T.~M.~Jenkins},
title = {Computer Techniques in Radiation Transport and Dosimetria,
		  International School of Radiation Damage and Protection, Erice, Italy},
year = {1978},
note = { {\it (Includes some HETC doumentation.)} }
}

see ah0b8aCommittee
@MISC{nenonen08a,		  
author        = {S.~Nenonen eds.},
title         = {Abstracts of the 10th International Workshop on Radiation Imaging Detectors},
howpublished  = {June 29th-July 3rd, Helsinki, Finland, 2008, 
                 Department of Physical Sciences, University of Helsinki}
}

@ARTICLE{niita95a,
  author = 	 {K.~Niita et al.},
  title = 	 {Analysis of the (N, xN') reactions by quantum molecular dynamics plus statistical decay model},
  journal = 	 {Phys. Rev. C},
  year = 	 {1995},
  volume =	 {52},
  number = 	 {5},
  pages =	 {2620-2635},
} 

@ARTICLE{niita01a,
  author = 	 {K.~Niita et al.},
  title = 	 {High-energy particle transport code NMTC/JAM},
  journal = 	 {Nucl. Instr. and Meth.},
  year = 	 {2001},
  volume =	 {B},
  number = 	 {184},
  pages =	 {406-420},
} 

oooooooooooooooooooooooooooooooooooooooooooooooooooooooooooooooooooooooooooooooooooooooooooooo

pppppppppppppppppppppppppppppppppppppppppppppppppppppppppppppppppppppppppppppppppppppppppppppp
		  		  
@BOOK{papert93,
author = {Seymour Papert},
title = {The childrens's machine: Rethinking schools in the age of the computer},
year = {1993},
publisher = {Basic Books} 
}
		  
@ARTICLE{paradiso97,		  
author = {J. Paradiso},
title = {Electronic Music Interfaces: New Ways to Play},
journal = {IEEE Spectrum Magazine},
volume = {34},
number = {12},
year = {1997},
pages = {18-30} 
}

@Article{pearlstein89a,
  author = 	 {S. Pearlstein},
  title = 	 {Medium-energy nuclear data libraries: a case study, neutron- and proton-induced 
                  reactions in $^{56}${F}e},
  journal = 	 {The Astrophysical Journal},
  year = 	 {1989},
  volume =	 {346},
  pages =	 {1049--1060},
}

@ARTICLE{peter94a,	
author = {G. Peter},
title = {Poincar\'{e} covariant particle dynamics. {I}. {I}ntranuclear cascade model},
journal = {Phys. Rev. C},
volume = {49},
number = {6},
year = {1994},
pages = {3253},
}

@ARTICLE{pia02a,		  
author = {M.~G.~Pia and J.~Knobloch},
title = {Particle physics software aids space and medicine},
journal = {CERN Courier},
year = {June 2004},
}

BERT used
@MISC{piperov07aTalk,
  author       = {S.~Piperov et al.},
  title        = {{CMS} hadron shower studies: linearity, shower shapes},
  howpublished = {Talk given November 21, 2007 (Unpublished)},
}
  note         = {piperov07aTalk.pdf}

@BOOK{press92a,
author = {W.~H.~Press et al.},
title = {Numerical {R}ecipes in {C}: The {A}rt of {S}cientific {C}omputing},
year = {1992},
edition = {2nd},
publisher = {Prentice-Hall} 
}

qqqqqqqqqqqqqqqqqqqqqqqqqqqqqqqqqqqqqqqqqqqqqqqqqqqqqqqqqqqqqqqqqqqqqqqqqqqqqqqqqqqqqqqqqqqqqq

rrrrrrrrrrrrrrrrrrrrrrrrrrrrrrrrrrrrrrrrrrrrrrrrrrrrrrrrrrrrrrrrrrrrrrrrrrrrrrrrrrrrrrrrrrrrrr

@ARTICLE{refenes97,	
author = {Apostolos-Paul N.~Refenes A.~Neil Bergess  and Yves Bentz},
title = {Neural Networks in Financial Engineering: A study in Methodology},
journal = {IEEE Tansactions on Neural Networks},
volume = {8},
number = {6},
year = {1997},
pages = {1222-1267}, 
note = { {\it (SATAA solid review on financial engineering)}}
}

@ARTICLE{resnick901,		  
author = {M. Resnick},
title = {MultiLogo: A Sudy of Children and Concurrent Programming},
journal = {Interactive Learning Environments},
volume = {1},
number = {3},
year = {1990},
}
		  
@ARTICLE{resnick91,		  
author = {M. Resnick and S. Ocko},
title = {LEGO/Logo learning Through and About Design},
journal = {Constructionism},
year = {1991},
pages = {141-150} 
}

@ARTICLE{ribansky73a,	
AUTHOR = {I.~Ribansky et al.},
TITLE = {Pre-equilibrium decay and the exciton model},
JOURNAL = {Nucl. Phys.},
VOLUME = {A},
NUMBER = {205},
YEAR = {1973},
PAGES = {545-560},
}
	
@INPROCEEDINGS{ribon05a,
author        = {A.~Ribon},
title         = {Physics validation of the simulation packages in a {LHC}-wide effort},
booktitle     = {Proceedings of CHEP'04, Interlaken, Switzerland, 27 September - 1 October, 2004.
                 CERN-2005-002 Vol. 1 (2005) pp.203--206},
year          = {2005}
}  

@MISC{root07aGuide,		  
title         = {{ROOT} 5.16 {U}sers {G}uide},
month         = {July},
year          = {2007},
}
		  
@ARTICLE{roe05a,	
author   = {Byron P. Roe et al.},
title    = {Boosted decision trees as an alternative to artificial neural networks 
            for particle identification},
journal  = {NIM},
volume   = {A},
number   = {543},
year     = {2005},
pages    = {577--584}, 
}
		  
@ARTICLE{robbins51a,	
author   = {H.~Robbins and S.~Monro},
journal  = {Annu. Math. Stat.},
number   = {22},
year     = {1951},
pages    = {400}, 
}

@Article{rowe78a,
  title = {Energy-dependent phase shift analysis of pion-nucleon scattering below 400 {M}e{V}},
  author = {G. Rowe et al.},
  journal = {Phys. Rev. C},
  volume = {18},
  number = {1},
  pages = {584--589},
  numpages = {5},
  year = {1978},
  month = {July},
  doi = {10.1103/PhysRevC.18.584},
}
@MISC{ribeiro95a,
  author = 	 {R.~Ribeiro},
  title = 	 {Use of the {BIT3} routines for on-line monitoring at {CMS-H2}},
  howpublished = {CMS TN/95-055},
  year = 	 {1995},
}

sssssssssssssssssssssssssssssssssssssssssssssssssssssssssssssssssssssssssssssssssssssssssssss

@ARTICLE{santin03,	
author  = {G.~Santin et al.},
title   = {New Geant4 based simulation tools for space radiation shielding and effects analysis},
journal = {Nucl. Phys.},
volume  = {B},
number  = {125} ,
series  = {Proc. Suppl.},
year    = {2003},
pages   = {69--74}, 
}
note = { {\it [HETC mentioned]}}  

@ARTICLE{schiekel96a,
author  = {T.~Schiekel et al.},
title   = {Nuclide production by proton induced reactions on elements 
           ($6 \leq$ {Z} $\leq 29$) in the energy range from 200 {MeV} to 400 {MeV}},
journal = {Nucl. Instr. and Meth.},
volume  = {B},
number  = {114},
pages   = {91--119},
year    = {1996},
}

@MISC{segneri02a,
  author = 	 {G.~Segneri and F.~Palla},
  title = 	 {Lifetime based b-tagging with {CMS}},
  howpublished = {CMS NOTE 2002/046},
  year = 	 {2002},
}

@ARTICLE{serber47,	
author  = {R.~Serber},
title   = {Nuclear {R}eactions at {H}igh {E}nergies},
journal = {Phys. Rev.},
volume  = {72},
year    = {1947},
pages   = {1114}, 
}
note = { {\it (INC first time proposed.)}}

@INPROCEEDINGS{silva01a,
author        = {P.V.M.~da Silva et al.},  
title         = {A Hybrid Training Method for Neural Energy Estimation in Calorimetry},
booktitle     = {Advanced Computing and Analysis Techniques in Physics Research, 
                 VII International Workshop ACAT 2000, 
                 Batavia, Illinois, USA, October 16-20, 2000},
series        = {AIP Conference proceedings Vol. 583},
year          = {2001},
publisher     = {American Institute of Physics},
}

@ARTICLE{sjostrand03a,	
author  = {T.~Sjostrand et al.},
title   = {{PYTHIA 6.2} {P}hysics and {M}anual},
journal = {LU TP 01/21, 3rd ed.},
year    = {April 2003},
note = {{\sf [arXiv: hep-ph/0108264]}}
}

QGSP_BERT_HP used in CMS OSCAR
@MISC{srimanobhas06a,
  author = 	 {N.~Srimanobhas},
  title = 	 {Neutron {B}ackground {S}tudies at {CMS}},
  howpublished = {LCG Physics Validation for LHC Simulations, CERN, September 20th, 2006},
  note  ={{\em (Unpublished)}},
}

Original INUCL reference
@MISC{stepanov88a,
  author = 	 {N.~V.~Stepanov},
  howpublished = {ITEP Preprint, ITEP-55},
  year = 	 {1988},
}

stockner07a.pdf
@MISC{stockner07a,
  author = 	 {M.~Stockner et al.},
  title = 	 {Classification of the {LHC} {BLM} {I}onization {C}hamber},
  year = 	 {2007},
}
note =	 {({\em Unpublished})}
Unknown: year, how published. 

@ARTICLE{stockinger06a,
author  = {K.~Stockinger et al.},
title   = {Bitmap indices for fast end-user physics analysis in {ROOT}},
journal = {Nucl. Instr. and Meth.},
volume  = {A},
number  = {559},
year    = {2006},
pages   = {99-102},
note    = {\url{http://dx.doi.org/10.1016/j.nima.2005.11.127}} 
}

@INPROCEEDINGS{stroustrup01a,
author        = {B.~Stroustrup},  
title         = {Speaking {C++} as a {N}ative},
booktitle     = {Advanced Computing and Analysis Techniques in Physics Research, 
                 VII International Workshop ACAT 2000, 
                 Batavia, Illinois, USA, October 16-20, 2000},
series        = {AIP Conference proceedings Vol. 583},
year          = {2001},
publisher     = {American Institute of Physics},
}

@ARTICLE{sokolov98a,	
author  = {A.~A. Sokolov et al.},
title   = {Identification of high-mass gluino production in pp-interactions using a neural network},
journal = {NIM},
volume  = {A},
number  = {416},
year    = {1998},
pages   = {391-396},
}

tttttttttttttttttttttttttttttttttttttttttttttttttttttttttttttttttttttttttttttttttttttttttttt
Check! AH:::
@MISC{tarc,		  
author        = {C.~Rubbia},
title         = {},
howpublished  = {CERN 96-97},
year          = {1997},
}
@INPROCEEDINGS{tentindo01a,
author        = {S.~Tentindo-Repond et al.},  
title         = {Neural {N}etworks for {H}iggs {P}hysics},
booktitle     = {Advanced Computing and Analysis Techniques in Physics Research, 
                 VII International Workshop ACAT 2000, 
                 Batavia, Illinois, USA, October 16-20, 2000},
series        = {AIP Conference proceedings Vol. 583},
year          = {2001},
publisher     = {American Institute of Physics},
}


MC method, comparison of algorithms, HPC and parallelism, programming implications
@BOOK{thijssen03a,
author    = {J.~M.~Thijssen},
title     = {Computational {P}hysics},
publisher = {Cambridge University Press},
year      = {2003}
}

@ARTICLE{tmva03a,
title = {{TMVA} - {T}oolkit for {M}ultivariate {D}ata {A}nalysis},
author = {A.~Hocker et al.},
journal = {CERN-OPEN-2007-007},
year = {2007},
note = {{\sf [arXiv: physics/0703039]}}
}

@MISC{tuominen03a,
  author = 	 {E.~Tuominen},
  title = 	 {Development of {R}adiation {H}ard {R}adiation {D}etectors -- 
                  {D}ifferences {B}etween {C}zochralski {S}ilicon and {F}loat {Z}one {S}ilicon},
  howpublished = {Doctoral thesis, Helsinki University of Technology},
  month = 	 {September},
  year = 	 {2003},
  note =	 {HIP-2003-2}
}

Laura
@MISC{tillikainen01a,
  author = 	 {L. ~Tillikainen}, 
  title = 	 {Implementing and testing a data model and a nucleus model for HETC++},
  howpublished = {Special asssignment, Helsinki University of Technology},
  month = 	 {September},
  year = 	 {2001},
}

@ARTICLE{titarenko00a,
title = {Study of residual product nuclide yields from 0.1, 0.2, 0.8, and 2.6 {GeV} proton-irradiated $^{nat}${Hg} targets},		  
author = {Y.~E.~Titarenko et al.},
journal = {LANL Report LA-UR-00-3600},
year = {2000},
note = {{\sf [arXiv: nucl-ex/0008012]}}
}
note = {{\it [Available from \url{http://arxiv.org/pdf/nucl-ex/0008012}]}}

@ARTICLE{titarenko99a,
title = {Experimental and {C}omputer {S}imulations {S}tudy of {R}adionuclide {P}roduction in {H}eavy {M}aterials {I}rradiated by {I}ntermediate {E}nergy {P}rotons},		  
author = {Y.~E.~Titarenko et al.}, 
year = {1999},
note   = {{\sf [arXiv: nucl-ex/9908012]}},
}
note = {{\it (Preferrend paper of INUCL performance)}},
		  
uuuuuuuuuuuuuuuuuuuuuuuuuuuuuuuuuuuuuuuuuuuuuuuuuuuuuuuuuuuuuuuuuuuuuuuuuuuuuuuuuuuuuuuuuuuuu

vvvvvvvvvvvvvvvvvvvvvvvvvvvvvvvvvvvvvvvvvvvvvvvvvvvvvvvvvvvvvvvvvvvvvvvvvvvvvvvvvvvvvvvvvvvvv
	
@INPROCEEDINGS{vassali01a,
author        = {M.~R.~Vassali and J.~M.~Seixas},  
title         = {Principal {C}omponent {A}nalysis for {N}eural {E}lectron/{J}et {D}iscrimination in 
                 {H}ighly {S}egmented {C}alorimeters},
booktitle     = {Advanced Computing and Analysis Techniques in Physics Research, 
                 VII International Workshop ACAT 2000, 
                 Batavia, Illinois, USA, October 16-20, 2000},
series        = {AIP Conference proceedings Vol. 583},
year          = {2001},
publisher     = {American Institute of Physics},
}
 
@ARTICLE{verplaetse96,		  
author = {Chris Verplaetse},
title = {Inertial Proprioceptive Devices: Self Motion-Sensing Toys and Tools},
journal = {IBM Systems Journal 35},
volume = {35},
number = {2},
year = {1996},
pages = {639-651} 
}

@ARTICLE{volant04a,
author  = 	 {C. Volant and others},
title   = 	 {Intranuclear cascade + percolation + evaporation model applied to the $^{12}{C}+^{197}{A}u$ system at 1 {G}e{V}/nucleon},
journal = 	 {Nucl. Phys.},
year    = 	 {2004},
volume  =	 {A},
number  =      {734},
pages   =	 {545-548},
}
note    = 	 {Liege {INC} with percolation.} 

	
@ARTICLE{vonach97a,
author = {H.~Vonach et al.},
journal = {Phys. Rev. C},
number = {55} , 
year = {1997},
pages = {2458} 
}

wwwwwwwwwwwwwwwwwwwwwwwwwwwwwwwwwwwwwwwwwwwwwwwwwwwwwwwwwwwwwwwwwwwwwwwwwwwwwwwwwwwwwwwwwwwww

@BOOK{waerden69,
author = {B.~L. van der Waerden},
title = {Mathematical {S}tatistics},
year = {1969},
publisher = {Springer-Verlag} 
}

@ARTICLE{wapsta95,
author = 	 {G. Audi, A.H. Wapsta},
title = 	 {The 1995 Update to the Atomic Mass Evaluation},
journal = 	 {Nucl. Phys.},
year = 	 {1995},
volume =	 {A},
number = {595},
pages =	 {409-480} 
}

@BOOK{Weerahandi96,
author    = {Samaradasa Weerahandi},
title     = {Exact Statistical Methods for Data Analysis},
year      = {1996},
publisher = {Springer} 
}

@ARTICLE{weiser06a,
author  = {C.~Weiser},
title   = {A {C}ombined {S}econdary {V}ertex {B}ased {B-T}agging {A}lgorithm in {CMS}},
journal = {CMS NOTE 2006/014},
year    = {2006},
}

@ARTICLE{weisskopf37,
author  = {V.~Weisskopf},
title   = {Statistics and {N}uclear {R}eactions},
journal = {Physical Review},
year    = {1937},
volume  = {52},
month   = {August},
pages   = {295--302} 
}

@TECHREPORT{wellisch04a,
author = {J.~P~Wellisch},
title = {LCG's optimized {GEANT4} simulation engines for {LHC} usecases},
year = {2004}
}
note = {{\it [Published as web-page \url{http://cmsdoc.cern.ch/~hpw/GHAD/LCGPage/}]}}

@ARTICLE{wellisch03c,
author = 	 {J.~P.~Wellisch},
title = 	 {Mapping modern software process engineering techniques onto an HEP development environment},
journal = 	 {Nucl. Instr. and Meth.},
year = 	 {2003},
volume =	 {A},
number = 	 {502},
pages =	 {689--692},
} 

@ARTICLE{wellisch03b,
author = 	 {J.~P.~Wellisch},
title = 	 {Geant4 physics validation for large {HEP} detectors},
journal = 	 {Nucl. Instr. and Meth.},
year = 	 {2003},
volume =	 {A},
number = 	 {502},
pages =	 {669-672},
} 

@TECHREPORT{wellisch03a,
author = {J.~P.~Wellisch},
title = {{G}eant4 hadronic physics status and validation for large {HEP} detectors},
institution = {CHEP'03 proceedings},
year = {2003},
note = {{\sf [arXiv: nucl-th/0306006]}}
}
note = {{\it \url{http://arxiv.org/pdf/nucl-th/0306006}}}

@ARTICLE{wellisch01a,		  
author = {J.~P.~Wellisch},
title = {Hadronic shower models in {G}eant4 - the frameworks},
journal = {Comp. Phys. Commun.},
volume = {140},
year = {2001},
pages = {65-75} 
}

@TECHREPORT{wellisch00a,
author = {J.~P~Wellisch for the Geant4 collaboration},
title = {The Geant4 isotope production model},
institution = {CHEP'00 proceedings},
year = {2000}
}
note = {{\it [Available from \url{http://chep2000.pd.infn.it/paper/pap-a198.pdf}]}}

@MISC{wellisch00,
author = 	 {Hans-Peter Wellisch},
howpublished = {Private communication},
month = 	 {January},
year = 	 {2000},
note =	 {CERN}
}

@ARTICLE{wellisch99,
author = 	 {J.P. Wellisch},
title = 	 {On Hadronic Shower Simulation},
journal = 	 {Submitted to World Scientific},
year = 	 {1999},
}

note    = { {\it Wilson loops - it all started from here.}}
@ARTICLE{wilson74,		  
author  = {K.~G.~Wilson},
title   = {Confinement of quarks},
journal = {Physical Review D},
volume  = {10},
number  = {8},
year    = {1974},
pages   = {2445-2459}, 
}

@TECHREPORT{wright03a,
author = {D.~H.~Wright et al.},
title = {Using {G}eant4 in the {BaBar} simulation},
year = {SLAC-PUB-9862, 2003}
}
note = {{\it [Available from \url{http://www.slac.stanford.edu/pubs/slacpubs/9750/slac-pub-9862.pdf}]}}
institution = {Proceeding of the CHEP'03.},


@BOOK{wwwhetc,
title = {http://cmsdoc.cern.ch/ $\tilde{}$ miheikki/hetc},
year = {2000},
publisher = {HETC homepage, Helsinki Institute of Physics} 
}

xxxxxxxxxxxxxxxxxxxxxxxxxxxxxxxxxxxxxxxxxxxxxxxxxxxxxxxxxxxxxxxxxxxxxxxxxxxxxxxxxxxxxxxxxxxxx

yyyyyyyyyyyyyyyyyyyyyyyyyyyyyyyyyyyyyyyyyyyyyyyyyyyyyyyyyyyyyyyyyyyyyyyyyyyyyyyyyyyyyyyyyyyyy

@ARTICLE{yariv79,
author = {Y. Yariv and Z. Fraenkel},
title = {Intranuclear cascade calculation of high-energy heavy-ion interactions},
journal = {Phys. Rev. C},
volume = {20},
number = {6}, 
year = {1970},
pages = {2227--2243}, 
}

zzzzzzzzzzzzzzzzzzzzzzzzzzzzzzzzzzzzzzzzzzzzzzzzzzzzzzzzzzzzzzzzzzzzzzzzzzzzzzzzzzzzzzzzzzzzz		  
@ARTICLE{zimmermann04a,		  
author        = {J.~Zimmermann and C.~Kiesling},
title         = {Statistical learning methods in high-energy and astrophysics analysis},
journal       = {Nucl. Instr. and Meth.},
volume        = {A},
number        = {534},
year          = {2004},
pages         = {204-210},
note= { {\it (Several methods discussed, including neural networks and support vector machines.) }}
}
